date,ltp,ltq,bid,ask
2022-08-15 07:34:02,1.019295,0,1.01922,1.01937
2022-08-15 07:34:03,1.019295,0,1.01922,1.01937
2022-08-15 07:34:04,1.019325,5,1.01925,1.0194
2022-08-15 07:34:05,1.019345,0,1.01927,1.01942
2022-08-15 07:34:06,1.019335,0,1.01926,1.01941
2022-08-15 07:34:07,1.019315,1,1.01924,1.01939
2022-08-15 07:34:08,1.019325,0,1.01925,1.0194
2022-08-15 07:34:09,1.019325,0,1.01925,1.0194
2022-08-15 07:34:10,1.019335,0,1.01926,1.01941
2022-08-15 07:34:11,1.019335,0,1.01926,1.01941
2022-08-15 07:34:12,1.019345,9,1.01927,1.01942
2022-08-15 07:34:13,1.019365,0,1.01929,1.01944
2022-08-15 07:34:14,1.019425,11,1.01935,1.0195
2022-08-15 07:34:15,1.019435,0,1.01936,1.01951
2022-08-15 07:34:16,1.019445,7,1.01937,1.01952
2022-08-15 07:34:17,1.019385,5,1.01931,1.01946
2022-08-15 07:34:18,1.019405,0,1.01933,1.01948
2022-08-15 07:34:19,1.019435,2,1.01936,1.01951
2022-08-15 07:34:20,1.019435,1,1.01936,1.01951
2022-08-15 07:34:21,1.019425,1,1.01935,1.0195
2022-08-15 07:34:22,1.019425,0,1.01935,1.0195
2022-08-15 07:34:23,1.019405,0,1.01933,1.01948
2022-08-15 07:34:24,1.019385,10,1.01931,1.01946
2022-08-15 07:34:25,1.019395,0,1.01932,1.01947
2022-08-15 07:34:26,1.019405,0,1.01933,1.01948
2022-08-15 07:34:27,1.019385,6,1.01931,1.01946
2022-08-15 07:34:28,1.019395,0,1.01932,1.01947
2022-08-15 07:34:29,1.019385,0,1.01931,1.01946
2022-08-15 07:34:30,1.019365,11,1.01929,1.01944
2022-08-15 07:34:31,1.019375,0,1.0193,1.01945
2022-08-15 07:34:32,1.01941,10,1.01934,1.01948
2022-08-15 07:34:33,1.019395,0,1.01932,1.01947
2022-08-15 07:34:34,1.019485,8,1.01941,1.01956
2022-08-15 07:34:35,1.019485,3,1.01941,1.01956
2022-08-15 07:34:36,1.019465,0,1.01939,1.01954
2022-08-15 07:34:37,1.019455,8,1.01938,1.01953
2022-08-15 07:34:38,1.019455,7,1.01938,1.01953
2022-08-15 07:34:39,1.019465,0,1.01939,1.01954
2022-08-15 07:34:40,1.019465,0,1.01939,1.01954
2022-08-15 07:34:41,1.019445,0,1.01937,1.01952
2022-08-15 07:34:42,1.019505,5,1.01943,1.01958
2022-08-15 07:34:43,1.019505,0,1.01943,1.01958
2022-08-15 07:34:44,1.019505,0,1.01943,1.01958
2022-08-15 07:34:45,1.019575,5,1.0195,1.01965
2022-08-15 07:34:46,1.019555,0,1.01948,1.01963
2022-08-15 07:34:47,1.019535,0,1.01946,1.01961
2022-08-15 07:34:48,1.019505,7,1.01943,1.01958
2022-08-15 07:34:49,1.019505,1,1.01943,1.01958
2022-08-15 07:34:50,1.019505,2,1.01943,1.01958
2022-08-15 07:34:51,1.019515,0,1.01944,1.01959
2022-08-15 07:34:52,1.019515,0,1.01944,1.01959
2022-08-15 07:34:53,1.019515,0,1.01944,1.01959
2022-08-15 07:34:54,1.019525,0,1.01945,1.0196
2022-08-15 07:34:55,1.019505,5,1.01943,1.01958
2022-08-15 07:34:56,1.019525,2,1.01945,1.0196
2022-08-15 07:34:57,1.019505,0,1.01943,1.01958
2022-08-15 07:34:58,1.019505,2,1.01943,1.01958
2022-08-15 07:34:59,1.019555,6,1.01948,1.01963
2022-08-15 07:35:00,1.019545,0,1.01947,1.01962
2022-08-15 07:35:01,1.019565,0,1.01949,1.01964
2022-08-15 07:35:02,1.019475,11,1.0194,1.01955
2022-08-15 07:35:03,1.019455,0,1.01938,1.01953
2022-08-15 07:35:04,1.019455,4,1.01938,1.01953
2022-08-15 07:35:05,1.019465,3,1.01939,1.01954
2022-08-15 07:35:06,1.019485,0,1.01941,1.01956
2022-08-15 07:35:07,1.019475,1,1.0194,1.01955
2022-08-15 07:35:08,1.019455,0,1.01938,1.01953
2022-08-15 07:35:09,1.019455,0,1.01938,1.01953
2022-08-15 07:35:10,1.019435,2,1.01936,1.01951
2022-08-15 07:35:11,1.019435,0,1.01936,1.01951
2022-08-15 07:35:12,1.019335,0,1.01926,1.01941
2022-08-15 07:35:13,1.019345,5,1.01927,1.01942
2022-08-15 07:35:14,1.019355,0,1.01928,1.01943
2022-08-15 07:35:15,1.019375,4,1.0193,1.01945
2022-08-15 07:35:16,1.019365,4,1.01929,1.01944
2022-08-15 07:35:17,1.019375,0,1.0193,1.01945
2022-08-15 07:35:18,1.019335,0,1.01926,1.01941
2022-08-15 07:35:19,1.019415,11,1.01934,1.01949
2022-08-15 07:35:20,1.019405,0,1.01933,1.01948
2022-08-15 07:35:21,1.019405,1,1.01933,1.01948
2022-08-15 07:35:22,1.019395,5,1.01932,1.01947
2022-08-15 07:35:23,1.019445,0,1.01937,1.01952
2022-08-15 07:35:24,1.019435,4,1.01936,1.01951
2022-08-15 07:35:25,1.019405,0,1.01933,1.01948
2022-08-15 07:35:26,1.019425,1,1.01935,1.0195
2022-08-15 07:35:27,1.019465,6,1.01939,1.01954
2022-08-15 07:35:28,1.019465,0,1.01939,1.01954
2022-08-15 07:35:29,1.019445,0,1.01937,1.01952
2022-08-15 07:35:30,1.019455,6,1.01938,1.01953
2022-08-15 07:35:31,1.019455,0,1.01938,1.01953
2022-08-15 07:35:32,1.019455,3,1.01938,1.01953
2022-08-15 07:35:33,1.019525,4,1.01945,1.0196
2022-08-15 07:35:34,1.019505,4,1.01943,1.01958
2022-08-15 07:35:35,1.019515,0,1.01944,1.01959
2022-08-15 07:35:36,1.01947,4,1.0194,1.01954
2022-08-15 07:35:37,1.019455,0,1.01938,1.01953
2022-08-15 07:35:38,1.019465,0,1.01939,1.01954
2022-08-15 07:35:39,1.019485,1,1.01941,1.01956
2022-08-15 07:35:40,1.019475,0,1.0194,1.01955
2022-08-15 07:35:41,1.019455,0,1.01938,1.01953
2022-08-15 07:35:42,1.019475,1,1.0194,1.01955
2022-08-15 07:35:43,1.019465,0,1.01939,1.01954
2022-08-15 07:35:44,1.019465,5,1.01939,1.01954
2022-08-15 07:35:45,1.019415,5,1.01934,1.01949
2022-08-15 07:35:46,1.01941,0,1.01934,1.01948
2022-08-15 07:35:47,1.01941,0,1.01934,1.01948
2022-08-15 07:35:48,1.01942,0,1.01935,1.01949
2022-08-15 07:35:49,1.019415,2,1.01934,1.01949
2022-08-15 07:35:50,1.019415,2,1.01934,1.01949
2022-08-15 07:35:51,1.019415,0,1.01934,1.01949
2022-08-15 07:35:52,1.019395,3,1.01932,1.01947
2022-08-15 07:35:53,1.019395,1,1.01932,1.01947
2022-08-15 07:35:54,1.019415,0,1.01934,1.01949
2022-08-15 07:35:55,1.019395,1,1.01932,1.01947
2022-08-15 07:35:56,1.019385,0,1.01931,1.01946
2022-08-15 07:35:57,1.019405,8,1.01933,1.01948
2022-08-15 07:35:58,1.019415,0,1.01934,1.01949
2022-08-15 07:35:59,1.019395,0,1.01932,1.01947
2022-08-15 07:36:00,1.019395,1,1.01932,1.01947
2022-08-15 07:36:01,1.019405,0,1.01933,1.01948
2022-08-15 07:36:02,1.019405,0,1.01933,1.01948
2022-08-15 07:36:03,1.019405,0,1.01933,1.01948
2022-08-15 07:36:04,1.01932,11,1.01925,1.01939
2022-08-15 07:36:05,1.019315,0,1.01924,1.01939
2022-08-15 07:36:06,1.019305,1,1.01923,1.01938
2022-08-15 07:36:07,1.019305,1,1.01923,1.01938
2022-08-15 07:36:08,1.019305,0,1.01923,1.01938
2022-08-15 07:36:09,1.019305,2,1.01923,1.01938
2022-08-15 07:36:10,1.0193,0,1.01923,1.01937
2022-08-15 07:36:11,1.019375,12,1.0193,1.01945
2022-08-15 07:36:12,1.019335,0,1.01926,1.01941
2022-08-15 07:36:13,1.019345,0,1.01927,1.01942
2022-08-15 07:36:14,1.019345,3,1.01927,1.01942
2022-08-15 07:36:15,1.019345,0,1.01927,1.01942
2022-08-15 07:36:16,1.019315,0,1.01924,1.01939
2022-08-15 07:36:17,1.019325,6,1.01925,1.0194
2022-08-15 07:36:18,1.019325,0,1.01925,1.0194
2022-08-15 07:36:19,1.019315,1,1.01924,1.01939
2022-08-15 07:36:20,1.019315,0,1.01924,1.01939
2022-08-15 07:36:21,1.019325,2,1.01925,1.0194
2022-08-15 07:36:22,1.019295,0,1.01922,1.01937
2022-08-15 07:36:23,1.019305,0,1.01923,1.01938
2022-08-15 07:36:24,1.019305,3,1.01923,1.01938
2022-08-15 07:36:25,1.019295,0,1.01922,1.01937
2022-08-15 07:36:26,1.019215,0,1.01914,1.01929
2022-08-15 07:36:27,1.019195,3,1.01912,1.01927
2022-08-15 07:36:28,1.0192,0,1.01913,1.01927
2022-08-15 07:36:29,1.019225,0,1.01915,1.0193
2022-08-15 07:36:30,1.019205,0,1.01913,1.01928
2022-08-15 07:36:31,1.019215,6,1.01914,1.01929
2022-08-15 07:36:32,1.019205,0,1.01913,1.01928
2022-08-15 07:36:33,1.01921,2,1.01914,1.01928
2022-08-15 07:36:34,1.019225,4,1.01915,1.0193
2022-08-15 07:36:35,1.019235,0,1.01916,1.01931
2022-08-15 07:36:36,1.019245,8,1.01917,1.01932
2022-08-15 07:36:37,1.019245,0,1.01917,1.01932
2022-08-15 07:36:38,1.019225,1,1.01915,1.0193
2022-08-15 07:36:39,1.019235,3,1.01916,1.01931
2022-08-15 07:36:40,1.019235,0,1.01916,1.01931
2022-08-15 07:36:41,1.019235,2,1.01916,1.01931
2022-08-15 07:36:42,1.019215,0,1.01914,1.01929
2022-08-15 07:36:43,1.019235,1,1.01916,1.01931
2022-08-15 07:36:44,1.019235,0,1.01916,1.01931
2022-08-15 07:36:45,1.019235,2,1.01916,1.01931
2022-08-15 07:36:46,1.019185,0,1.01911,1.01926
2022-08-15 07:36:47,1.019225,0,1.01915,1.0193
2022-08-15 07:36:48,1.019225,0,1.01915,1.0193
2022-08-15 07:36:49,1.019235,2,1.01916,1.01931
2022-08-15 07:36:50,1.019245,0,1.01917,1.01932
2022-08-15 07:36:51,1.019235,1,1.01916,1.01931
2022-08-15 07:36:52,1.019215,5,1.01914,1.01929
2022-08-15 07:36:53,1.019205,1,1.01913,1.01928
2022-08-15 07:36:54,1.019245,4,1.01917,1.01932
2022-08-15 07:36:55,1.019245,1,1.01917,1.01932
2022-08-15 07:36:56,1.019235,5,1.01916,1.01931
2022-08-15 07:36:57,1.019215,0,1.01914,1.01929
2022-08-15 07:36:58,1.019235,3,1.01916,1.01931
2022-08-15 07:36:59,1.019235,1,1.01916,1.01931
2022-08-15 07:37:00,1.019215,0,1.01914,1.01929
2022-08-15 07:37:01,1.019195,0,1.01912,1.01927
2022-08-15 07:37:02,1.019205,0,1.01913,1.01928
2022-08-15 07:37:03,1.019195,0,1.01912,1.01927
2022-08-15 07:37:04,1.019195,3,1.01912,1.01927
2022-08-15 07:37:05,1.019205,1,1.01913,1.01928
2022-08-15 07:37:06,1.019225,1,1.01915,1.0193
2022-08-15 07:37:07,1.019225,1,1.01915,1.0193
2022-08-15 07:37:08,1.019215,0,1.01914,1.01929
2022-08-15 07:37:09,1.019175,5,1.0191,1.01925
2022-08-15 07:37:10,1.019195,0,1.01912,1.01927
2022-08-15 07:37:11,1.019235,0,1.01916,1.01931
2022-08-15 07:37:12,1.019235,5,1.01916,1.01931
2022-08-15 07:37:13,1.019235,1,1.01916,1.01931
2022-08-15 07:37:14,1.019235,0,1.01916,1.01931
2022-08-15 07:37:15,1.019215,0,1.01914,1.01929
2022-08-15 07:37:16,1.019235,0,1.01916,1.01931
2022-08-15 07:37:17,1.019135,7,1.01906,1.01921
2022-08-15 07:37:18,1.019085,0,1.01901,1.01916
2022-08-15 07:37:19,1.019055,0,1.01898,1.01913
2022-08-15 07:37:20,1.019075,2,1.019,1.01915
2022-08-15 07:37:21,1.019075,0,1.019,1.01915
2022-08-15 07:37:22,1.019065,0,1.01899,1.01914
2022-08-15 07:37:23,1.019065,4,1.01899,1.01914
2022-08-15 07:37:24,1.019085,6,1.01901,1.01916
2022-08-15 07:37:25,1.019055,5,1.01898,1.01913
2022-08-15 07:37:26,1.019065,6,1.01899,1.01914
2022-08-15 07:37:27,1.019045,0,1.01897,1.01912
2022-08-15 07:37:28,1.019035,0,1.01896,1.01911
2022-08-15 07:37:29,1.019015,1,1.01894,1.01909
2022-08-15 07:37:30,1.019035,0,1.01896,1.01911
2022-08-15 07:37:31,1.019025,2,1.01895,1.0191
2022-08-15 07:37:32,1.019025,1,1.01895,1.0191
2022-08-15 07:37:33,1.019025,0,1.01895,1.0191
2022-08-15 07:37:34,1.019035,2,1.01896,1.01911
2022-08-15 07:37:35,1.019025,1,1.01895,1.0191
2022-08-15 07:37:36,1.019005,0,1.01893,1.01908
2022-08-15 07:37:37,1.019005,7,1.01893,1.01908
2022-08-15 07:37:38,1.019005,0,1.01893,1.01908
2022-08-15 07:37:39,1.018995,0,1.01892,1.01907
2022-08-15 07:37:40,1.019065,6,1.01899,1.01914
2022-08-15 07:37:41,1.019065,0,1.01899,1.01914
2022-08-15 07:37:42,1.019115,0,1.01904,1.01919
2022-08-15 07:37:43,1.019115,2,1.01904,1.01919
2022-08-15 07:37:44,1.019115,0,1.01904,1.01919
2022-08-15 07:37:45,1.019135,0,1.01906,1.01921
2022-08-15 07:37:46,1.019155,8,1.01908,1.01923
2022-08-15 07:37:47,1.019165,2,1.01909,1.01924
2022-08-15 07:37:48,1.019135,0,1.01906,1.01921
2022-08-15 07:37:49,1.019135,3,1.01906,1.01921
2022-08-15 07:37:50,1.019135,0,1.01906,1.01921
2022-08-15 07:37:51,1.019135,2,1.01906,1.01921
2022-08-15 07:37:52,1.019115,2,1.01904,1.01919
2022-08-15 07:37:53,1.019125,1,1.01905,1.0192
2022-08-15 07:37:54,1.019135,1,1.01906,1.01921
2022-08-15 07:37:55,1.019175,0,1.0191,1.01925
2022-08-15 07:37:56,1.019185,0,1.01911,1.01926
2022-08-15 07:37:57,1.019195,7,1.01912,1.01927
2022-08-15 07:37:58,1.0192,2,1.01913,1.01927
2022-08-15 07:37:59,1.01922,0,1.01915,1.01929
2022-08-15 07:38:00,1.019215,1,1.01914,1.01929
2022-08-15 07:38:01,1.019205,0,1.01913,1.01928
2022-08-15 07:38:02,1.019195,0,1.01912,1.01927
2022-08-15 07:38:03,1.019175,7,1.0191,1.01925
2022-08-15 07:38:04,1.019175,0,1.0191,1.01925
2022-08-15 07:38:05,1.019175,0,1.0191,1.01925
2022-08-15 07:38:06,1.019135,7,1.01906,1.01921
2022-08-15 07:38:07,1.019115,2,1.01904,1.01919
2022-08-15 07:38:08,1.019115,0,1.01904,1.01919
2022-08-15 07:38:09,1.019105,4,1.01903,1.01918
2022-08-15 07:38:10,1.019165,0,1.01909,1.01924
2022-08-15 07:38:11,1.019145,0,1.01907,1.01922
2022-08-15 07:38:12,1.019175,0,1.0191,1.01925
2022-08-15 07:38:13,1.019175,0,1.0191,1.01925
2022-08-15 07:38:14,1.019185,0,1.01911,1.01926
2022-08-15 07:38:15,1.019195,0,1.01912,1.01927
2022-08-15 07:38:16,1.019185,0,1.01911,1.01926
2022-08-15 07:38:17,1.019175,1,1.0191,1.01925
2022-08-15 07:38:18,1.019185,0,1.01911,1.01926
2022-08-15 07:38:19,1.019185,0,1.01911,1.01926
2022-08-15 07:38:20,1.019165,2,1.01909,1.01924
2022-08-15 07:38:21,1.019145,0,1.01907,1.01922
2022-08-15 07:38:22,1.019145,2,1.01907,1.01922
2022-08-15 07:38:23,1.019135,0,1.01906,1.01921
2022-08-15 07:38:24,1.019145,0,1.01907,1.01922
2022-08-15 07:38:25,1.019135,1,1.01906,1.01921
2022-08-15 07:38:26,1.019125,0,1.01905,1.0192
2022-08-15 07:38:27,1.019125,5,1.01905,1.0192
2022-08-15 07:38:28,1.019145,5,1.01907,1.01922
2022-08-15 07:38:29,1.019135,0,1.01906,1.01921
2022-08-15 07:38:30,1.019115,3,1.01904,1.01919
2022-08-15 07:38:31,1.019115,0,1.01904,1.01919
2022-08-15 07:38:32,1.019115,0,1.01904,1.01919
2022-08-15 07:38:33,1.019125,3,1.01905,1.0192
2022-08-15 07:38:34,1.019115,2,1.01904,1.01919
2022-08-15 07:38:35,1.019145,3,1.01907,1.01922
2022-08-15 07:38:36,1.019115,2,1.01904,1.01919
2022-08-15 07:38:37,1.019115,4,1.01904,1.01919
2022-08-15 07:38:38,1.019125,3,1.01905,1.0192
2022-08-15 07:38:39,1.019115,3,1.01904,1.01919
2022-08-15 07:38:40,1.019085,2,1.01901,1.01916
2022-08-15 07:38:41,1.01904,7,1.01897,1.01911
2022-08-15 07:38:42,1.01904,0,1.01897,1.01911
2022-08-15 07:38:43,1.01904,0,1.01897,1.01911
2022-08-15 07:38:44,1.01908,5,1.01901,1.01915
2022-08-15 07:38:45,1.019105,0,1.01903,1.01918
2022-08-15 07:38:46,1.019105,2,1.01903,1.01918
2022-08-15 07:38:47,1.019115,0,1.01904,1.01919
2022-08-15 07:38:48,1.01907,0,1.019,1.01914
2022-08-15 07:38:49,1.019075,3,1.019,1.01915
2022-08-15 07:38:50,1.019075,0,1.019,1.01915
2022-08-15 07:38:51,1.019105,0,1.01903,1.01918
2022-08-15 07:38:52,1.019095,1,1.01902,1.01917
2022-08-15 07:38:53,1.019115,0,1.01904,1.01919
2022-08-15 07:38:54,1.019095,0,1.01902,1.01917
2022-08-15 07:38:55,1.019095,0,1.01902,1.01917
2022-08-15 07:38:56,1.019085,0,1.01901,1.01916
2022-08-15 07:38:57,1.019095,0,1.01902,1.01917
2022-08-15 07:38:58,1.019055,6,1.01898,1.01913
2022-08-15 07:38:59,1.019055,0,1.01898,1.01913
2022-08-15 07:39:00,1.019045,0,1.01897,1.01912
2022-08-15 07:39:01,1.019045,3,1.01897,1.01912
2022-08-15 07:39:02,1.019045,0,1.01897,1.01912
2022-08-15 07:39:03,1.019035,2,1.01896,1.01911
2022-08-15 07:39:04,1.019025,0,1.01895,1.0191
2022-08-15 07:39:05,1.019005,6,1.01893,1.01908
2022-08-15 07:39:06,1.019005,2,1.01893,1.01908
2022-08-15 07:39:07,1.019055,4,1.01898,1.01913
2022-08-15 07:39:08,1.019055,6,1.01898,1.01913
2022-08-15 07:39:09,1.019055,0,1.01898,1.01913
2022-08-15 07:39:10,1.019045,0,1.01897,1.01912
2022-08-15 07:39:11,1.019055,1,1.01898,1.01913
2022-08-15 07:39:12,1.019045,0,1.01897,1.01912
2022-08-15 07:39:13,1.019055,3,1.01898,1.01913
2022-08-15 07:39:14,1.019075,4,1.019,1.01915
2022-08-15 07:39:15,1.019085,0,1.01901,1.01916
2022-08-15 07:39:16,1.019065,5,1.01899,1.01914
2022-08-15 07:39:17,1.019085,0,1.01901,1.01916
2022-08-15 07:39:18,1.019085,1,1.01901,1.01916
2022-08-15 07:39:19,1.019085,0,1.01901,1.01916
2022-08-15 07:39:20,1.019095,0,1.01902,1.01917
2022-08-15 07:39:21,1.019075,2,1.019,1.01915
2022-08-15 07:39:22,1.019075,0,1.019,1.01915
2022-08-15 07:39:23,1.019085,0,1.01901,1.01916
2022-08-15 07:39:24,1.019115,3,1.01904,1.01919
2022-08-15 07:39:25,1.019075,0,1.019,1.01915
2022-08-15 07:39:26,1.019105,3,1.01903,1.01918
2022-08-15 07:39:27,1.019085,0,1.01901,1.01916
2022-08-15 07:39:28,1.019065,0,1.01899,1.01914
2022-08-15 07:39:29,1.019135,5,1.01906,1.01921
2022-08-15 07:39:30,1.019125,0,1.01905,1.0192
2022-08-15 07:39:31,1.019135,2,1.01906,1.01921
2022-08-15 07:39:32,1.019145,0,1.01907,1.01922
2022-08-15 07:39:33,1.019115,0,1.01904,1.01919
2022-08-15 07:39:34,1.019125,1,1.01905,1.0192
2022-08-15 07:39:35,1.019135,0,1.01906,1.01921
2022-08-15 07:39:36,1.019125,0,1.01905,1.0192
2022-08-15 07:39:37,1.019145,5,1.01907,1.01922
2022-08-15 07:39:38,1.019145,1,1.01907,1.01922
2022-08-15 07:39:39,1.019145,0,1.01907,1.01922
2022-08-15 07:39:40,1.019125,1,1.01905,1.0192
2022-08-15 07:39:41,1.019075,0,1.019,1.01915
2022-08-15 07:39:42,1.019095,3,1.01902,1.01917
2022-08-15 07:39:43,1.019125,0,1.01905,1.0192
2022-08-15 07:39:44,1.019115,0,1.01904,1.01919
2022-08-15 07:39:45,1.019115,2,1.01904,1.01919
2022-08-15 07:39:46,1.019115,0,1.01904,1.01919
2022-08-15 07:39:47,1.019135,2,1.01906,1.01921
2022-08-15 07:39:48,1.01912,6,1.01905,1.01919
2022-08-15 07:39:49,1.019125,3,1.01905,1.0192
2022-08-15 07:39:50,1.019125,1,1.01905,1.0192
2022-08-15 07:39:51,1.019155,0,1.01908,1.01923
2022-08-15 07:39:52,1.019105,0,1.01903,1.01918
2022-08-15 07:39:53,1.019135,1,1.01906,1.01921
2022-08-15 07:39:54,1.01912,0,1.01905,1.01919
2022-08-15 07:39:55,1.01913,0,1.01906,1.0192
2022-08-15 07:39:56,1.019095,3,1.01902,1.01917
2022-08-15 07:39:57,1.019095,0,1.01902,1.01917
2022-08-15 07:39:58,1.019095,1,1.01902,1.01917
2022-08-15 07:39:59,1.019125,9,1.01905,1.0192
2022-08-15 07:40:00,1.019135,5,1.01906,1.01921
2022-08-15 07:40:01,1.019145,3,1.01907,1.01922
2022-08-15 07:40:02,1.019145,1,1.01907,1.01922
2022-08-15 07:40:03,1.01915,1,1.01908,1.01922
2022-08-15 07:40:04,1.019175,2,1.0191,1.01925
2022-08-15 07:40:05,1.019175,0,1.0191,1.01925
2022-08-15 07:40:06,1.019155,3,1.01908,1.01923
2022-08-15 07:40:07,1.019155,0,1.01908,1.01923
2022-08-15 07:40:08,1.019155,1,1.01908,1.01923
2022-08-15 07:40:09,1.019205,7,1.01913,1.01928
2022-08-15 07:40:10,1.019205,0,1.01913,1.01928
2022-08-15 07:40:11,1.019155,6,1.01908,1.01923
2022-08-15 07:40:12,1.019165,0,1.01909,1.01924
2022-08-15 07:40:13,1.01919,0,1.01912,1.01926
2022-08-15 07:40:14,1.019185,6,1.01911,1.01926
2022-08-15 07:40:15,1.019185,0,1.01911,1.01926
2022-08-15 07:40:16,1.019245,4,1.01917,1.01932
2022-08-15 07:40:17,1.019275,0,1.0192,1.01935
2022-08-15 07:40:18,1.019295,0,1.01922,1.01937
2022-08-15 07:40:19,1.019275,4,1.0192,1.01935
2022-08-15 07:40:20,1.019295,0,1.01922,1.01937
2022-08-15 07:40:21,1.019345,7,1.01927,1.01942
2022-08-15 07:40:22,1.019355,0,1.01928,1.01943
2022-08-15 07:40:23,1.019335,0,1.01926,1.01941
2022-08-15 07:40:24,1.019345,0,1.01927,1.01942
2022-08-15 07:40:25,1.019375,8,1.0193,1.01945
2022-08-15 07:40:26,1.019355,0,1.01928,1.01943
2022-08-15 07:40:27,1.019345,9,1.01927,1.01942
2022-08-15 07:40:28,1.019345,0,1.01927,1.01942
2022-08-15 07:40:29,1.019335,0,1.01926,1.01941
2022-08-15 07:40:30,1.019355,3,1.01928,1.01943
2022-08-15 07:40:31,1.019365,0,1.01929,1.01944
2022-08-15 07:40:32,1.019345,0,1.01927,1.01942
2022-08-15 07:40:33,1.019365,2,1.01929,1.01944
2022-08-15 07:40:34,1.01939,0,1.01932,1.01946
2022-08-15 07:40:35,1.019365,3,1.01929,1.01944
2022-08-15 07:40:36,1.019375,1,1.0193,1.01945
2022-08-15 07:40:37,1.019385,0,1.01931,1.01946
2022-08-15 07:40:38,1.019355,2,1.01928,1.01943
2022-08-15 07:40:39,1.019365,2,1.01929,1.01944
2022-08-15 07:40:40,1.019345,0,1.01927,1.01942
2022-08-15 07:40:41,1.019365,0,1.01929,1.01944
2022-08-15 07:40:42,1.019355,2,1.01928,1.01943
2022-08-15 07:40:43,1.019345,0,1.01927,1.01942
2022-08-15 07:40:44,1.019355,0,1.01928,1.01943
2022-08-15 07:40:45,1.019365,2,1.01929,1.01944
2022-08-15 07:40:46,1.019355,1,1.01928,1.01943
2022-08-15 07:40:47,1.019335,0,1.01926,1.01941
2022-08-15 07:40:48,1.019345,1,1.01927,1.01942
2022-08-15 07:40:49,1.019315,0,1.01924,1.01939
2022-08-15 07:40:50,1.019315,0,1.01924,1.01939
2022-08-15 07:40:51,1.019315,0,1.01924,1.01939
2022-08-15 07:40:52,1.019275,0,1.0192,1.01935
2022-08-15 07:40:53,1.019305,9,1.01923,1.01938
2022-08-15 07:40:54,1.019305,0,1.01923,1.01938
2022-08-15 07:40:55,1.019315,0,1.01924,1.01939
2022-08-15 07:40:56,1.019305,7,1.01923,1.01938
2022-08-15 07:40:57,1.019305,0,1.01923,1.01938
2022-08-15 07:40:58,1.019305,2,1.01923,1.01938
2022-08-15 07:40:59,1.019305,0,1.01923,1.01938
2022-08-15 07:41:00,1.019305,1,1.01923,1.01938
2022-08-15 07:41:01,1.019305,0,1.01923,1.01938
2022-08-15 07:41:02,1.019355,0,1.01928,1.01943
2022-08-15 07:41:03,1.019305,0,1.01923,1.01938
2022-08-15 07:41:04,1.019325,2,1.01925,1.0194
2022-08-15 07:41:05,1.019325,0,1.01925,1.0194
2022-08-15 07:41:06,1.019305,4,1.01923,1.01938
2022-08-15 07:41:07,1.019315,0,1.01924,1.01939
2022-08-15 07:41:08,1.019325,5,1.01925,1.0194
2022-08-15 07:41:09,1.019325,4,1.01925,1.0194
2022-08-15 07:41:10,1.019315,3,1.01924,1.01939
2022-08-15 07:41:11,1.019335,2,1.01926,1.01941
2022-08-15 07:41:12,1.019315,0,1.01924,1.01939
2022-08-15 07:41:13,1.019385,13,1.01931,1.01946
2022-08-15 07:41:14,1.019405,0,1.01933,1.01948
2022-08-15 07:41:15,1.019405,0,1.01933,1.01948
2022-08-15 07:41:16,1.019415,4,1.01934,1.01949
2022-08-15 07:41:17,1.019435,0,1.01936,1.01951
2022-08-15 07:41:18,1.019445,0,1.01937,1.01952
2022-08-15 07:41:19,1.019415,5,1.01934,1.01949
2022-08-15 07:41:20,1.019425,1,1.01935,1.0195
2022-08-15 07:41:21,1.019425,0,1.01935,1.0195
2022-08-15 07:41:22,1.019445,1,1.01937,1.01952
2022-08-15 07:41:23,1.019445,0,1.01937,1.01952
2022-08-15 07:41:24,1.019435,2,1.01936,1.01951
2022-08-15 07:41:25,1.019425,2,1.01935,1.0195
2022-08-15 07:41:26,1.019425,0,1.01935,1.0195
2022-08-15 07:41:27,1.019405,3,1.01933,1.01948
2022-08-15 07:41:28,1.019395,0,1.01932,1.01947
2022-08-15 07:41:29,1.019405,5,1.01933,1.01948
2022-08-15 07:41:30,1.019405,3,1.01933,1.01948
2022-08-15 07:41:31,1.019425,0,1.01935,1.0195
2022-08-15 07:41:32,1.019425,2,1.01935,1.0195
2022-08-15 07:41:33,1.01942,0,1.01935,1.01949
2022-08-15 07:41:34,1.019395,0,1.01932,1.01947
2022-08-15 07:41:35,1.019395,1,1.01932,1.01947
2022-08-15 07:41:36,1.019415,1,1.01934,1.01949
2022-08-15 07:41:37,1.019425,3,1.01935,1.0195
2022-08-15 07:41:38,1.019415,0,1.01934,1.01949
2022-08-15 07:41:39,1.019415,0,1.01934,1.01949
2022-08-15 07:41:40,1.019395,0,1.01932,1.01947
2022-08-15 07:41:41,1.019405,10,1.01933,1.01948
2022-08-15 07:41:42,1.019415,0,1.01934,1.01949
2022-08-15 07:41:43,1.019425,0,1.01935,1.0195
2022-08-15 07:41:44,1.019425,1,1.01935,1.0195
2022-08-15 07:41:45,1.019435,0,1.01936,1.01951
2022-08-15 07:41:46,1.019445,1,1.01937,1.01952
2022-08-15 07:41:47,1.019495,0,1.01942,1.01957
2022-08-15 07:41:48,1.019495,0,1.01942,1.01957
2022-08-15 07:41:49,1.019475,8,1.0194,1.01955
2022-08-15 07:41:50,1.019475,0,1.0194,1.01955
2022-08-15 07:41:51,1.019505,5,1.01943,1.01958
2022-08-15 07:41:52,1.019485,0,1.01941,1.01956
2022-08-15 07:41:53,1.019475,0,1.0194,1.01955
2022-08-15 07:41:54,1.019475,8,1.0194,1.01955
2022-08-15 07:41:55,1.019495,0,1.01942,1.01957
2022-08-15 07:41:56,1.019485,1,1.01941,1.01956
2022-08-15 07:41:57,1.019485,3,1.01941,1.01956
2022-08-15 07:41:58,1.019485,1,1.01941,1.01956
2022-08-15 07:41:59,1.019485,0,1.01941,1.01956
2022-08-15 07:42:00,1.019485,0,1.01941,1.01956
2022-08-15 07:42:01,1.019465,3,1.01939,1.01954
2022-08-15 07:42:02,1.019465,2,1.01939,1.01954
2022-08-15 07:42:03,1.019455,0,1.01938,1.01953
2022-08-15 07:42:04,1.019525,7,1.01945,1.0196
2022-08-15 07:42:05,1.019535,0,1.01946,1.01961
2022-08-15 07:42:06,1.019515,5,1.01944,1.01959
2022-08-15 07:42:07,1.019515,4,1.01944,1.01959
2022-08-15 07:42:08,1.019525,0,1.01945,1.0196
2022-08-15 07:42:09,1.019525,1,1.01945,1.0196
2022-08-15 07:42:10,1.019525,0,1.01945,1.0196
2022-08-15 07:42:11,1.019515,0,1.01944,1.01959
2022-08-15 07:42:12,1.019525,1,1.01945,1.0196
2022-08-15 07:42:13,1.019535,0,1.01946,1.01961
2022-08-15 07:42:14,1.019505,0,1.01943,1.01958
2022-08-15 07:42:15,1.019575,5,1.0195,1.01965
2022-08-15 07:42:16,1.019565,0,1.01949,1.01964
2022-08-15 07:42:17,1.019575,3,1.0195,1.01965
2022-08-15 07:42:18,1.019585,0,1.01951,1.01966
2022-08-15 07:42:19,1.019575,0,1.0195,1.01965
2022-08-15 07:42:20,1.019635,10,1.01956,1.01971
2022-08-15 07:42:21,1.019635,0,1.01956,1.01971
2022-08-15 07:42:22,1.019695,0,1.01962,1.01977
2022-08-15 07:42:23,1.019675,6,1.0196,1.01975
2022-08-15 07:42:24,1.019675,1,1.0196,1.01975
2022-08-15 07:42:25,1.019675,0,1.0196,1.01975
2022-08-15 07:42:26,1.019665,1,1.01959,1.01974
2022-08-15 07:42:27,1.019685,0,1.01961,1.01976
2022-08-15 07:42:28,1.019665,0,1.01959,1.01974
2022-08-15 07:42:29,1.019595,8,1.01952,1.01967
2022-08-15 07:42:30,1.019555,8,1.01948,1.01963
2022-08-15 07:42:31,1.019535,0,1.01946,1.01961
2022-08-15 07:42:32,1.019555,0,1.01948,1.01963
2022-08-15 07:42:33,1.019575,1,1.0195,1.01965
2022-08-15 07:42:34,1.019565,0,1.01949,1.01964
2022-08-15 07:42:35,1.019575,0,1.0195,1.01965
2022-08-15 07:42:36,1.019565,2,1.01949,1.01964
2022-08-15 07:42:37,1.019555,0,1.01948,1.01963
2022-08-15 07:42:38,1.019555,0,1.01948,1.01963
2022-08-15 07:42:39,1.019555,0,1.01948,1.01963
2022-08-15 07:42:40,1.019525,0,1.01945,1.0196
2022-08-15 07:42:41,1.019505,3,1.01943,1.01958
2022-08-15 07:42:42,1.019485,0,1.01941,1.01956
2022-08-15 07:42:43,1.019505,0,1.01943,1.01958
2022-08-15 07:42:44,1.019515,4,1.01944,1.01959
2022-08-15 07:42:45,1.019495,0,1.01942,1.01957
2022-08-15 07:42:46,1.019495,0,1.01942,1.01957
2022-08-15 07:42:47,1.019505,8,1.01943,1.01958
2022-08-15 07:42:48,1.019495,1,1.01942,1.01957
2022-08-15 07:42:49,1.019515,1,1.01944,1.01959
2022-08-15 07:42:50,1.019515,0,1.01944,1.01959
2022-08-15 07:42:51,1.019515,0,1.01944,1.01959
2022-08-15 07:42:52,1.019525,2,1.01945,1.0196
2022-08-15 07:42:53,1.019515,0,1.01944,1.01959
2022-08-15 07:42:54,1.019495,0,1.01942,1.01957
2022-08-15 07:42:55,1.019515,1,1.01944,1.01959
2022-08-15 07:42:56,1.019515,0,1.01944,1.01959
2022-08-15 07:42:57,1.019515,1,1.01944,1.01959
2022-08-15 07:42:58,1.019515,0,1.01944,1.01959
2022-08-15 07:42:59,1.019505,0,1.01943,1.01958
2022-08-15 07:43:00,1.019575,8,1.0195,1.01965
2022-08-15 07:43:01,1.019635,0,1.01956,1.01971
2022-08-15 07:43:02,1.019585,0,1.01951,1.01966
2022-08-15 07:43:03,1.019575,2,1.0195,1.01965
2022-08-15 07:43:04,1.019575,0,1.0195,1.01965
2022-08-15 07:43:05,1.019585,0,1.01951,1.01966
2022-08-15 07:43:06,1.019615,6,1.01954,1.01969
2022-08-15 07:43:07,1.019625,3,1.01955,1.0197
2022-08-15 07:43:08,1.019615,1,1.01954,1.01969
2022-08-15 07:43:09,1.019615,1,1.01954,1.01969
2022-08-15 07:43:10,1.019625,0,1.01955,1.0197
2022-08-15 07:43:11,1.019605,5,1.01953,1.01968
2022-08-15 07:43:12,1.019595,3,1.01952,1.01967
2022-08-15 07:43:13,1.019585,0,1.01951,1.01966
2022-08-15 07:43:14,1.019585,1,1.01951,1.01966
2022-08-15 07:43:15,1.019585,0,1.01951,1.01966
2022-08-15 07:43:16,1.019565,2,1.01949,1.01964
2022-08-15 07:43:17,1.019565,0,1.01949,1.01964
2022-08-15 07:43:18,1.019555,0,1.01948,1.01963
2022-08-15 07:43:19,1.019545,3,1.01947,1.01962
2022-08-15 07:43:20,1.019525,0,1.01945,1.0196
2022-08-15 07:43:21,1.019655,16,1.01958,1.01973
2022-08-15 07:43:22,1.019625,0,1.01955,1.0197
2022-08-15 07:43:23,1.019725,0,1.01965,1.0198
2022-08-15 07:43:24,1.019725,2,1.01965,1.0198
2022-08-15 07:43:25,1.019725,0,1.01965,1.0198
2022-08-15 07:43:26,1.019715,1,1.01964,1.01979
2022-08-15 07:43:27,1.019705,2,1.01963,1.01978
2022-08-15 07:43:28,1.019745,7,1.01967,1.01982
2022-08-15 07:43:29,1.019765,1,1.01969,1.01984
2022-08-15 07:43:30,1.019765,4,1.01969,1.01984
2022-08-15 07:43:31,1.019755,0,1.01968,1.01983
2022-08-15 07:43:32,1.019785,1,1.01971,1.01986
2022-08-15 07:43:33,1.019745,0,1.01967,1.01982
2022-08-15 07:43:34,1.019765,0,1.01969,1.01984
2022-08-15 07:43:35,1.019765,5,1.01969,1.01984
2022-08-15 07:43:36,1.019755,0,1.01968,1.01983
2022-08-15 07:43:37,1.019755,4,1.01968,1.01983
2022-08-15 07:43:38,1.019745,1,1.01967,1.01982
2022-08-15 07:43:39,1.019785,0,1.01971,1.01986
2022-08-15 07:43:40,1.019785,0,1.01971,1.01986
2022-08-15 07:43:41,1.019785,1,1.01971,1.01986
2022-08-15 07:43:42,1.019775,0,1.0197,1.01985
2022-08-15 07:43:43,1.019755,2,1.01968,1.01983
2022-08-15 07:43:44,1.019755,2,1.01968,1.01983
2022-08-15 07:43:45,1.019765,0,1.01969,1.01984
2022-08-15 07:43:46,1.019785,3,1.01971,1.01986
2022-08-15 07:43:47,1.019785,4,1.01971,1.01986
2022-08-15 07:43:48,1.019785,0,1.01971,1.01986
2022-08-15 07:43:49,1.019785,2,1.01971,1.01986
2022-08-15 07:43:50,1.019785,0,1.01971,1.01986
2022-08-15 07:43:51,1.019775,0,1.0197,1.01985
2022-08-15 07:43:52,1.019755,0,1.01968,1.01983
2022-08-15 07:43:53,1.019755,5,1.01968,1.01983
2022-08-15 07:43:54,1.019785,5,1.01971,1.01986
2022-08-15 07:43:55,1.019775,2,1.0197,1.01985
2022-08-15 07:43:56,1.019765,0,1.01969,1.01984
2022-08-15 07:43:57,1.019785,2,1.01971,1.01986
2022-08-15 07:43:58,1.019785,0,1.01971,1.01986
2022-08-15 07:43:59,1.019785,1,1.01971,1.01986
2022-08-15 07:44:00,1.019785,1,1.01971,1.01986
2022-08-15 07:44:01,1.019785,2,1.01971,1.01986
2022-08-15 07:44:02,1.019825,5,1.01975,1.0199
2022-08-15 07:44:03,1.019815,0,1.01974,1.01989
2022-08-15 07:44:04,1.019835,5,1.01976,1.01991
2022-08-15 07:44:05,1.019805,11,1.01973,1.01988
2022-08-15 07:44:06,1.019735,0,1.01966,1.01981
2022-08-15 07:44:07,1.019725,2,1.01965,1.0198
2022-08-15 07:44:08,1.019735,1,1.01966,1.01981
2022-08-15 07:44:09,1.019665,0,1.01959,1.01974
2022-08-15 07:44:10,1.019665,5,1.01959,1.01974
2022-08-15 07:44:11,1.019665,0,1.01959,1.01974
2022-08-15 07:44:12,1.019685,0,1.01961,1.01976
2022-08-15 07:44:13,1.019625,3,1.01955,1.0197
2022-08-15 07:44:14,1.019655,1,1.01958,1.01973
2022-08-15 07:44:15,1.019645,0,1.01957,1.01972
2022-08-15 07:44:16,1.019575,7,1.0195,1.01965
2022-08-15 07:44:18,1.019615,7,1.01954,1.01969
2022-08-15 07:44:19,1.019645,0,1.01957,1.01972
2022-08-15 07:44:20,1.019655,4,1.01958,1.01973
2022-08-15 07:44:21,1.019665,4,1.01959,1.01974
2022-08-15 07:44:22,1.019715,6,1.01964,1.01979
2022-08-15 07:44:23,1.019725,0,1.01965,1.0198
2022-08-15 07:44:24,1.019735,0,1.01966,1.01981
2022-08-15 07:44:25,1.019735,1,1.01966,1.01981
2022-08-15 07:44:26,1.019725,0,1.01965,1.0198
2022-08-15 07:44:27,1.019735,0,1.01966,1.01981
2022-08-15 07:44:28,1.019715,1,1.01964,1.01979
2022-08-15 07:44:29,1.019715,0,1.01964,1.01979
2022-08-15 07:44:30,1.019695,7,1.01962,1.01977
2022-08-15 07:44:31,1.0197,0,1.01963,1.01977
2022-08-15 07:44:32,1.019705,0,1.01963,1.01978
2022-08-15 07:44:33,1.019705,0,1.01963,1.01978
2022-08-15 07:44:34,1.019705,1,1.01963,1.01978
2022-08-15 07:44:35,1.019705,0,1.01963,1.01978
2022-08-15 07:44:36,1.019665,3,1.01959,1.01974
2022-08-15 07:44:37,1.019665,0,1.01959,1.01974
2022-08-15 07:44:38,1.019705,0,1.01963,1.01978
2022-08-15 07:44:39,1.019705,0,1.01963,1.01978
2022-08-15 07:44:40,1.019715,1,1.01964,1.01979
2022-08-15 07:44:41,1.019695,4,1.01962,1.01977
2022-08-15 07:44:42,1.019685,4,1.01961,1.01976
2022-08-15 07:44:43,1.019675,0,1.0196,1.01975
2022-08-15 07:44:44,1.019685,3,1.01961,1.01976
2022-08-15 07:44:45,1.019695,0,1.01962,1.01977
2022-08-15 07:44:46,1.019685,0,1.01961,1.01976
2022-08-15 07:44:47,1.019675,2,1.0196,1.01975
2022-08-15 07:44:48,1.019685,0,1.01961,1.01976
2022-08-15 07:44:49,1.019685,2,1.01961,1.01976
2022-08-15 07:44:50,1.019695,0,1.01962,1.01977
2022-08-15 07:44:51,1.019715,0,1.01964,1.01979
2022-08-15 07:44:52,1.01971,2,1.01964,1.01978
2022-08-15 07:44:53,1.019705,0,1.01963,1.01978
2022-08-15 07:44:54,1.019705,0,1.01963,1.01978
2022-08-15 07:44:55,1.019695,1,1.01962,1.01977
2022-08-15 07:44:56,1.019685,2,1.01961,1.01976
2022-08-15 07:44:57,1.019675,4,1.0196,1.01975
2022-08-15 07:44:58,1.019695,0,1.01962,1.01977
2022-08-15 07:44:59,1.019705,2,1.01963,1.01978
2022-08-15 07:45:00,1.019735,3,1.01966,1.01981
2022-08-15 07:45:01,1.019725,0,1.01965,1.0198
2022-08-15 07:45:02,1.01971,11,1.01964,1.01978
2022-08-15 07:45:03,1.01971,2,1.01964,1.01978
2022-08-15 07:45:04,1.01973,7,1.01966,1.0198
2022-08-15 07:45:05,1.019715,6,1.01964,1.01979
2022-08-15 07:45:06,1.019705,0,1.01963,1.01978
2022-08-15 07:45:07,1.019695,2,1.01962,1.01977
2022-08-15 07:45:08,1.019695,0,1.01962,1.01977
2022-08-15 07:45:09,1.019685,0,1.01961,1.01976
2022-08-15 07:45:10,1.019735,9,1.01966,1.01981
2022-08-15 07:45:11,1.019715,3,1.01964,1.01979
2022-08-15 07:45:12,1.019705,0,1.01963,1.01978
2022-08-15 07:45:13,1.019705,3,1.01963,1.01978
2022-08-15 07:45:14,1.019695,0,1.01962,1.01977
2022-08-15 07:45:15,1.019715,0,1.01964,1.01979
2022-08-15 07:45:16,1.019705,4,1.01963,1.01978
2022-08-15 07:45:17,1.019725,0,1.01965,1.0198
2022-08-15 07:45:18,1.019805,0,1.01973,1.01988
2022-08-15 07:45:19,1.019805,4,1.01973,1.01988
2022-08-15 07:45:20,1.019785,0,1.01971,1.01986
2022-08-15 07:45:21,1.019805,1,1.01973,1.01988
2022-08-15 07:45:22,1.019775,0,1.0197,1.01985
2022-08-15 07:45:23,1.019755,0,1.01968,1.01983
2022-08-15 07:45:24,1.019765,2,1.01969,1.01984
2022-08-15 07:45:25,1.019775,0,1.0197,1.01985
2022-08-15 07:45:26,1.019785,2,1.01971,1.01986
2022-08-15 07:45:27,1.019755,0,1.01968,1.01983
2022-08-15 07:45:28,1.019745,0,1.01967,1.01982
2022-08-15 07:45:29,1.019745,1,1.01967,1.01982
2022-08-15 07:45:30,1.019745,0,1.01967,1.01982
2022-08-15 07:45:31,1.019745,0,1.01967,1.01982
2022-08-15 07:45:32,1.019745,1,1.01967,1.01982
2022-08-15 07:45:33,1.019765,0,1.01969,1.01984
2022-08-15 07:45:34,1.019745,4,1.01967,1.01982
2022-08-15 07:45:35,1.019765,2,1.01969,1.01984
2022-08-15 07:45:36,1.019765,0,1.01969,1.01984
2022-08-15 07:45:37,1.019765,2,1.01969,1.01984
2022-08-15 07:45:38,1.019735,0,1.01966,1.01981
2022-08-15 07:45:39,1.019745,0,1.01967,1.01982
2022-08-15 07:45:40,1.019735,3,1.01966,1.01981
2022-08-15 07:45:41,1.019735,0,1.01966,1.01981
2022-08-15 07:45:42,1.019755,0,1.01968,1.01983
2022-08-15 07:45:43,1.019775,7,1.0197,1.01985
2022-08-15 07:45:44,1.019735,0,1.01966,1.01981
2022-08-15 07:45:45,1.019665,0,1.01959,1.01974
2022-08-15 07:45:46,1.019655,4,1.01958,1.01973
2022-08-15 07:45:47,1.019655,0,1.01958,1.01973
2022-08-15 07:45:48,1.019655,0,1.01958,1.01973
2022-08-15 07:45:49,1.019665,1,1.01959,1.01974
2022-08-15 07:45:50,1.019665,0,1.01959,1.01974
2022-08-15 07:45:51,1.019685,0,1.01961,1.01976
2022-08-15 07:45:52,1.01968,2,1.01961,1.01975
2022-08-15 07:45:53,1.019675,0,1.0196,1.01975
2022-08-15 07:45:54,1.019685,2,1.01961,1.01976
2022-08-15 07:45:55,1.019705,1,1.01963,1.01978
2022-08-15 07:45:56,1.019685,0,1.01961,1.01976
2022-08-15 07:45:57,1.019685,0,1.01961,1.01976
2022-08-15 07:45:58,1.019705,1,1.01963,1.01978
2022-08-15 07:45:59,1.019705,0,1.01963,1.01978
2022-08-15 07:46:00,1.01968,7,1.01961,1.01975
2022-08-15 07:46:01,1.01968,0,1.01961,1.01975
2022-08-15 07:46:02,1.019645,6,1.01957,1.01972
2022-08-15 07:46:03,1.019665,1,1.01959,1.01974
2022-08-15 07:46:04,1.019665,0,1.01959,1.01974
2022-08-15 07:46:05,1.019665,1,1.01959,1.01974
2022-08-15 07:46:06,1.019695,0,1.01962,1.01977
2022-08-15 07:46:07,1.019685,1,1.01961,1.01976
2022-08-15 07:46:08,1.019675,0,1.0196,1.01975
2022-08-15 07:46:09,1.019645,0,1.01957,1.01972
2022-08-15 07:46:10,1.019675,5,1.0196,1.01975
2022-08-15 07:46:11,1.019675,1,1.0196,1.01975
2022-08-15 07:46:12,1.019685,4,1.01961,1.01976
2022-08-15 07:46:13,1.019685,7,1.01961,1.01976
2022-08-15 07:46:14,1.019685,0,1.01961,1.01976
2022-08-15 07:46:15,1.019685,0,1.01961,1.01976
2022-08-15 07:46:16,1.019685,0,1.01961,1.01976
2022-08-15 07:46:17,1.019665,0,1.01959,1.01974
2022-08-15 07:46:18,1.019655,1,1.01958,1.01973
2022-08-15 07:46:19,1.01966,0,1.01959,1.01973
2022-08-15 07:46:20,1.019655,1,1.01958,1.01973
2022-08-15 07:46:21,1.019655,1,1.01958,1.01973
2022-08-15 07:46:22,1.019665,1,1.01959,1.01974
2022-08-15 07:46:23,1.019665,0,1.01959,1.01974
2022-08-15 07:46:24,1.019675,1,1.0196,1.01975
2022-08-15 07:46:25,1.019695,6,1.01962,1.01977
2022-08-15 07:46:26,1.019695,0,1.01962,1.01977
2022-08-15 07:46:27,1.01967,0,1.0196,1.01974
2022-08-15 07:46:28,1.01968,2,1.01961,1.01975
2022-08-15 07:46:29,1.019665,0,1.01959,1.01974
2022-08-15 07:46:30,1.019755,3,1.01968,1.01983
2022-08-15 07:46:31,1.019755,1,1.01968,1.01983
2022-08-15 07:46:32,1.019775,0,1.0197,1.01985
2022-08-15 07:46:33,1.019805,6,1.01973,1.01988
2022-08-15 07:46:34,1.019805,0,1.01973,1.01988
2022-08-15 07:46:35,1.019825,2,1.01975,1.0199
2022-08-15 07:46:36,1.019795,0,1.01972,1.01987
2022-08-15 07:46:37,1.01977,4,1.0197,1.01984
2022-08-15 07:46:38,1.01977,1,1.0197,1.01984
2022-08-15 07:46:39,1.01977,0,1.0197,1.01984
2022-08-15 07:46:40,1.019745,0,1.01967,1.01982
2022-08-15 07:46:41,1.019765,8,1.01969,1.01984
2022-08-15 07:46:42,1.019785,0,1.01971,1.01986
2022-08-15 07:46:43,1.019785,2,1.01971,1.01986
2022-08-15 07:46:44,1.019785,0,1.01971,1.01986
2022-08-15 07:46:45,1.019815,0,1.01974,1.01989
2022-08-15 07:46:46,1.019795,2,1.01972,1.01987
2022-08-15 07:46:47,1.019795,0,1.01972,1.01987
2022-08-15 07:46:48,1.019785,1,1.01971,1.01986
2022-08-15 07:46:49,1.019785,1,1.01971,1.01986
2022-08-15 07:46:50,1.019785,2,1.01971,1.01986
2022-08-15 07:46:51,1.01979,0,1.01972,1.01986
2022-08-15 07:46:52,1.019795,0,1.01972,1.01987
2022-08-15 07:46:53,1.019785,0,1.01971,1.01986
2022-08-15 07:46:54,1.019795,8,1.01972,1.01987
2022-08-15 07:46:55,1.019795,2,1.01972,1.01987
2022-08-15 07:46:56,1.019845,3,1.01977,1.01992
2022-08-15 07:46:57,1.019845,1,1.01977,1.01992
2022-08-15 07:46:58,1.019845,1,1.01977,1.01992
2022-08-15 07:46:59,1.019845,0,1.01977,1.01992
2022-08-15 07:47:00,1.019845,0,1.01977,1.01992
2022-08-15 07:47:01,1.019875,7,1.0198,1.01995
2022-08-15 07:47:02,1.019875,0,1.0198,1.01995
2022-08-15 07:47:03,1.019875,0,1.0198,1.01995
2022-08-15 07:47:04,1.019875,1,1.0198,1.01995
2022-08-15 07:47:05,1.019865,0,1.01979,1.01994
2022-08-15 07:47:06,1.019885,0,1.01981,1.01996
2022-08-15 07:47:07,1.019875,1,1.0198,1.01995
2022-08-15 07:47:08,1.019845,0,1.01977,1.01992
2022-08-15 07:47:09,1.019855,1,1.01978,1.01993
2022-08-15 07:47:10,1.019855,0,1.01978,1.01993
2022-08-15 07:47:11,1.019855,0,1.01978,1.01993
2022-08-15 07:47:12,1.019875,2,1.0198,1.01995
2022-08-15 07:47:13,1.019865,0,1.01979,1.01994
2022-08-15 07:47:14,1.019865,0,1.01979,1.01994
2022-08-15 07:47:15,1.019865,3,1.01979,1.01994
2022-08-15 07:47:16,1.019845,0,1.01977,1.01992
2022-08-15 07:47:17,1.019875,4,1.0198,1.01995
2022-08-15 07:47:18,1.019875,0,1.0198,1.01995
2022-08-15 07:47:19,1.019805,0,1.01973,1.01988
2022-08-15 07:47:20,1.019765,0,1.01969,1.01984
2022-08-15 07:47:21,1.019795,3,1.01972,1.01987
2022-08-15 07:47:22,1.019795,0,1.01972,1.01987
2022-08-15 07:47:23,1.019825,0,1.01975,1.0199
2022-08-15 07:47:24,1.019805,4,1.01973,1.01988
2022-08-15 07:47:25,1.019785,2,1.01971,1.01986
2022-08-15 07:47:26,1.019785,0,1.01971,1.01986
2022-08-15 07:47:27,1.019785,1,1.01971,1.01986
2022-08-15 07:47:28,1.019785,0,1.01971,1.01986
2022-08-15 07:47:29,1.019755,0,1.01968,1.01983
2022-08-15 07:47:30,1.019765,3,1.01969,1.01984
2022-08-15 07:47:31,1.019755,1,1.01968,1.01983
2022-08-15 07:47:32,1.019785,0,1.01971,1.01986
2022-08-15 07:47:33,1.019785,0,1.01971,1.01986
2022-08-15 07:47:35,1.019755,3,1.01968,1.01983
2022-08-15 07:47:36,1.019755,0,1.01968,1.01983
2022-08-15 07:47:37,1.019745,1,1.01967,1.01982
2022-08-15 07:47:38,1.019745,1,1.01967,1.01982
2022-08-15 07:47:39,1.019745,0,1.01967,1.01982
2022-08-15 07:47:40,1.019745,0,1.01967,1.01982
2022-08-15 07:47:41,1.019745,0,1.01967,1.01982
2022-08-15 07:47:42,1.019755,0,1.01968,1.01983
2022-08-15 07:47:43,1.019755,0,1.01968,1.01983
2022-08-15 07:47:44,1.019745,0,1.01967,1.01982
2022-08-15 07:47:45,1.019815,15,1.01974,1.01989
2022-08-15 07:47:46,1.019815,5,1.01974,1.01989
2022-08-15 07:47:47,1.019795,5,1.01972,1.01987
2022-08-15 07:47:48,1.019765,0,1.01969,1.01984
2022-08-15 07:47:49,1.019765,0,1.01969,1.01984
2022-08-15 07:47:50,1.019765,0,1.01969,1.01984
2022-08-15 07:47:51,1.019755,2,1.01968,1.01983
2022-08-15 07:47:52,1.019755,0,1.01968,1.01983
2022-08-15 07:47:53,1.019755,0,1.01968,1.01983
2022-08-15 07:47:54,1.019755,0,1.01968,1.01983
2022-08-15 07:47:55,1.019745,0,1.01967,1.01982
2022-08-15 07:47:56,1.019745,0,1.01967,1.01982
2022-08-15 07:47:57,1.019745,0,1.01967,1.01982
2022-08-15 07:47:58,1.019755,7,1.01968,1.01983
2022-08-15 07:47:59,1.019755,3,1.01968,1.01983
2022-08-15 07:48:00,1.019745,1,1.01967,1.01982
2022-08-15 07:48:01,1.019745,0,1.01967,1.01982
2022-08-15 07:48:02,1.019755,1,1.01968,1.01983
2022-08-15 07:48:03,1.019765,0,1.01969,1.01984
2022-08-15 07:48:04,1.019755,3,1.01968,1.01983
2022-08-15 07:48:05,1.019755,0,1.01968,1.01983
2022-08-15 07:48:06,1.019745,5,1.01967,1.01982
2022-08-15 07:48:07,1.019745,0,1.01967,1.01982
2022-08-15 07:48:08,1.019755,2,1.01968,1.01983
2022-08-15 07:48:09,1.019775,1,1.0197,1.01985
2022-08-15 07:48:10,1.019775,0,1.0197,1.01985
2022-08-15 07:48:11,1.019755,1,1.01968,1.01983
2022-08-15 07:48:12,1.01975,0,1.01968,1.01982
2022-08-15 07:48:13,1.019755,0,1.01968,1.01983
2022-08-15 07:48:14,1.019755,2,1.01968,1.01983
2022-08-15 07:48:15,1.019755,0,1.01968,1.01983
2022-08-15 07:48:16,1.019775,4,1.0197,1.01985
2022-08-15 07:48:17,1.019755,8,1.01968,1.01983
2022-08-15 07:48:18,1.019755,1,1.01968,1.01983
2022-08-15 07:48:19,1.019745,2,1.01967,1.01982
2022-08-15 07:48:20,1.019745,0,1.01967,1.01982
2022-08-15 07:48:21,1.019745,0,1.01967,1.01982
2022-08-15 07:48:22,1.019745,3,1.01967,1.01982
2022-08-15 07:48:23,1.019755,1,1.01968,1.01983
2022-08-15 07:48:24,1.019755,5,1.01968,1.01983
2022-08-15 07:48:25,1.019735,0,1.01966,1.01981
2022-08-15 07:48:26,1.019735,0,1.01966,1.01981
2022-08-15 07:48:27,1.019735,0,1.01966,1.01981
2022-08-15 07:48:28,1.019745,2,1.01967,1.01982
2022-08-15 07:48:29,1.019715,0,1.01964,1.01979
2022-08-15 07:48:30,1.019715,7,1.01964,1.01979
2022-08-15 07:48:31,1.019715,0,1.01964,1.01979
2022-08-15 07:48:32,1.019705,0,1.01963,1.01978
2022-08-15 07:48:33,1.019705,0,1.01963,1.01978
2022-08-15 07:48:34,1.019715,1,1.01964,1.01979
2022-08-15 07:48:35,1.019715,1,1.01964,1.01979
2022-08-15 07:48:36,1.019695,1,1.01962,1.01977
2022-08-15 07:48:37,1.019705,0,1.01963,1.01978
2022-08-15 07:48:38,1.019685,0,1.01961,1.01976
2022-08-15 07:48:39,1.019685,3,1.01961,1.01976
2022-08-15 07:48:40,1.019705,0,1.01963,1.01978
2022-08-15 07:48:41,1.019685,2,1.01961,1.01976
2022-08-15 07:48:42,1.019675,0,1.0196,1.01975
2022-08-15 07:48:43,1.019675,0,1.0196,1.01975
2022-08-15 07:48:44,1.019695,3,1.01962,1.01977
2022-08-15 07:48:45,1.019695,0,1.01962,1.01977
2022-08-15 07:48:46,1.019695,0,1.01962,1.01977
2022-08-15 07:48:47,1.019675,2,1.0196,1.01975
2022-08-15 07:48:48,1.019715,0,1.01964,1.01979
2022-08-15 07:48:49,1.019745,3,1.01967,1.01982
2022-08-15 07:48:50,1.019735,0,1.01966,1.01981
2022-08-15 07:48:51,1.019745,0,1.01967,1.01982
2022-08-15 07:48:52,1.019745,0,1.01967,1.01982
2022-08-15 07:48:53,1.019675,0,1.0196,1.01975
2022-08-15 07:48:54,1.019675,1,1.0196,1.01975
2022-08-15 07:48:55,1.019675,0,1.0196,1.01975
2022-08-15 07:48:56,1.019675,0,1.0196,1.01975
2022-08-15 07:48:57,1.019695,2,1.01962,1.01977
2022-08-15 07:48:58,1.019695,1,1.01962,1.01977
2022-08-15 07:48:59,1.019695,0,1.01962,1.01977
2022-08-15 07:49:00,1.019735,9,1.01966,1.01981
2022-08-15 07:49:01,1.019735,0,1.01966,1.01981
2022-08-15 07:49:02,1.019695,0,1.01962,1.01977
2022-08-15 07:49:03,1.019685,1,1.01961,1.01976
2022-08-15 07:49:04,1.019715,0,1.01964,1.01979
2022-08-15 07:49:05,1.019685,0,1.01961,1.01976
2022-08-15 07:49:06,1.019695,1,1.01962,1.01977
2022-08-15 07:49:07,1.019705,0,1.01963,1.01978
2022-08-15 07:49:08,1.019715,3,1.01964,1.01979
2022-08-15 07:49:09,1.019675,3,1.0196,1.01975
2022-08-15 07:49:10,1.019645,0,1.01957,1.01972
2022-08-15 07:49:11,1.019645,5,1.01957,1.01972
2022-08-15 07:49:12,1.019645,0,1.01957,1.01972
2022-08-15 07:49:13,1.019675,0,1.0196,1.01975
2022-08-15 07:49:14,1.019665,0,1.01959,1.01974
2022-08-15 07:49:15,1.019735,11,1.01966,1.01981
2022-08-15 07:49:16,1.019745,0,1.01967,1.01982
2022-08-15 07:49:17,1.019795,9,1.01972,1.01987
2022-08-15 07:49:18,1.019795,0,1.01972,1.01987
2022-08-15 07:49:19,1.019755,0,1.01968,1.01983
2022-08-15 07:49:20,1.019785,3,1.01971,1.01986
2022-08-15 07:49:21,1.019795,0,1.01972,1.01987
2022-08-15 07:49:22,1.019805,4,1.01973,1.01988
2022-08-15 07:49:23,1.019835,0,1.01976,1.01991
2022-08-15 07:49:24,1.019815,0,1.01974,1.01989
2022-08-15 07:49:25,1.019815,0,1.01974,1.01989
2022-08-15 07:49:26,1.019835,0,1.01976,1.01991
2022-08-15 07:49:27,1.019845,0,1.01977,1.01992
2022-08-15 07:49:28,1.019885,5,1.01981,1.01996
2022-08-15 07:49:29,1.019885,0,1.01981,1.01996
2022-08-15 07:49:30,1.019885,1,1.01981,1.01996
2022-08-15 07:49:31,1.019885,1,1.01981,1.01996
2022-08-15 07:49:32,1.019875,1,1.0198,1.01995
2022-08-15 07:49:33,1.019875,1,1.0198,1.01995
2022-08-15 07:49:34,1.019895,0,1.01982,1.01997
2022-08-15 07:49:35,1.019875,0,1.0198,1.01995
2022-08-15 07:49:36,1.019855,2,1.01978,1.01993
2022-08-15 07:49:37,1.019865,2,1.01979,1.01994
2022-08-15 07:49:38,1.019885,3,1.01981,1.01996
2022-08-15 07:49:39,1.019825,0,1.01975,1.0199
2022-08-15 07:49:40,1.019805,0,1.01973,1.01988
2022-08-15 07:49:41,1.019785,2,1.01971,1.01986
2022-08-15 07:49:42,1.019795,0,1.01972,1.01987
2022-08-15 07:49:43,1.019805,2,1.01973,1.01988
2022-08-15 07:49:44,1.019805,0,1.01973,1.01988
2022-08-15 07:49:45,1.019805,0,1.01973,1.01988
2022-08-15 07:49:46,1.019795,2,1.01972,1.01987
2022-08-15 07:49:47,1.019805,0,1.01973,1.01988
2022-08-15 07:49:48,1.019795,5,1.01972,1.01987
2022-08-15 07:49:49,1.019795,0,1.01972,1.01987
2022-08-15 07:49:50,1.019785,2,1.01971,1.01986
2022-08-15 07:49:51,1.019785,0,1.01971,1.01986
2022-08-15 07:49:52,1.019925,0,1.01985,1.02
2022-08-15 07:49:53,1.019935,1,1.01986,1.02001
2022-08-15 07:49:54,1.01993,1,1.01986,1.02
2022-08-15 07:49:55,1.019935,3,1.01986,1.02001
2022-08-15 07:49:56,1.019935,1,1.01986,1.02001
2022-08-15 07:49:57,1.01993,4,1.01986,1.02
2022-08-15 07:49:58,1.01993,0,1.01986,1.02
2022-08-15 07:49:59,1.019965,0,1.01989,1.02004
2022-08-15 07:50:00,1.019975,1,1.0199,1.02005
2022-08-15 07:50:01,1.019965,0,1.01989,1.02004
2022-08-15 07:50:02,1.019965,2,1.01989,1.02004
2022-08-15 07:50:03,1.019965,0,1.01989,1.02004
2022-08-15 07:50:04,1.019925,0,1.01985,1.02
2022-08-15 07:50:05,1.019905,0,1.01983,1.01998
2022-08-15 07:50:06,1.019925,9,1.01985,1.02
2022-08-15 07:50:07,1.019925,0,1.01985,1.02
2022-08-15 07:50:08,1.019935,3,1.01986,1.02001
2022-08-15 07:50:09,1.019925,0,1.01985,1.02
2022-08-15 07:50:10,1.019935,0,1.01986,1.02001
2022-08-15 07:50:11,1.019905,6,1.01983,1.01998
2022-08-15 07:50:12,1.019925,0,1.01985,1.02
2022-08-15 07:50:13,1.019955,2,1.01988,1.02003
2022-08-15 07:50:14,1.019925,6,1.01985,1.02
2022-08-15 07:50:15,1.019945,0,1.01987,1.02002
2022-08-15 07:50:16,1.019925,3,1.01985,1.02
2022-08-15 07:50:17,1.019925,5,1.01985,1.02
2022-08-15 07:50:18,1.019905,1,1.01983,1.01998
2022-08-15 07:50:19,1.019925,1,1.01985,1.02
2022-08-15 07:50:20,1.019935,0,1.01986,1.02001
2022-08-15 07:50:21,1.019925,3,1.01985,1.02
2022-08-15 07:50:22,1.019905,0,1.01983,1.01998
2022-08-15 07:50:23,1.019915,2,1.01984,1.01999
2022-08-15 07:50:24,1.019895,2,1.01982,1.01997
2022-08-15 07:50:25,1.019895,0,1.01982,1.01997
2022-08-15 07:50:26,1.019875,0,1.0198,1.01995
2022-08-15 07:50:27,1.019895,0,1.01982,1.01997
2022-08-15 07:50:28,1.019895,0,1.01982,1.01997
2022-08-15 07:50:29,1.019895,0,1.01982,1.01997
2022-08-15 07:50:30,1.019905,0,1.01983,1.01998
2022-08-15 07:50:31,1.019905,3,1.01983,1.01998
2022-08-15 07:50:32,1.019875,0,1.0198,1.01995
2022-08-15 07:50:33,1.019865,2,1.01979,1.01994
2022-08-15 07:50:34,1.019875,1,1.0198,1.01995
2022-08-15 07:50:35,1.019875,0,1.0198,1.01995
2022-08-15 07:50:36,1.019885,0,1.01981,1.01996
2022-08-15 07:50:37,1.019875,0,1.0198,1.01995
2022-08-15 07:50:38,1.019865,2,1.01979,1.01994
2022-08-15 07:50:39,1.019865,0,1.01979,1.01994
2022-08-15 07:50:40,1.019865,0,1.01979,1.01994
2022-08-15 07:50:41,1.019865,0,1.01979,1.01994
2022-08-15 07:50:42,1.019885,0,1.01981,1.01996
2022-08-15 07:50:43,1.019855,1,1.01978,1.01993
2022-08-15 07:50:44,1.019875,0,1.0198,1.01995
2022-08-15 07:50:45,1.019865,1,1.01979,1.01994
2022-08-15 07:50:46,1.019855,1,1.01978,1.01993
2022-08-15 07:50:47,1.019855,0,1.01978,1.01993
2022-08-15 07:50:48,1.019885,1,1.01981,1.01996
2022-08-15 07:50:49,1.019885,0,1.01981,1.01996
2022-08-15 07:50:50,1.019885,0,1.01981,1.01996
2022-08-15 07:50:51,1.019885,0,1.01981,1.01996
2022-08-15 07:50:52,1.019835,5,1.01976,1.01991
2022-08-15 07:50:53,1.019795,4,1.01972,1.01987
2022-08-15 07:50:54,1.019795,0,1.01972,1.01987
2022-08-15 07:50:55,1.019855,0,1.01978,1.01993
2022-08-15 07:50:56,1.019855,3,1.01978,1.01993
2022-08-15 07:50:57,1.019855,0,1.01978,1.01993
2022-08-15 07:50:58,1.019865,5,1.01979,1.01994
2022-08-15 07:50:59,1.019865,0,1.01979,1.01994
2022-08-15 07:51:00,1.019855,1,1.01978,1.01993
2022-08-15 07:51:01,1.019875,0,1.0198,1.01995
2022-08-15 07:51:02,1.019845,7,1.01977,1.01992
2022-08-15 07:51:03,1.019845,0,1.01977,1.01992
2022-08-15 07:51:04,1.019815,4,1.01974,1.01989
2022-08-15 07:51:05,1.019815,0,1.01974,1.01989
2022-08-15 07:51:06,1.019795,0,1.01972,1.01987
2022-08-15 07:51:07,1.019795,2,1.01972,1.01987
2022-08-15 07:51:08,1.019755,7,1.01968,1.01983
2022-08-15 07:51:09,1.019725,3,1.01965,1.0198
2022-08-15 07:51:10,1.019735,2,1.01966,1.01981
2022-08-15 07:51:11,1.019765,0,1.01969,1.01984
2022-08-15 07:51:12,1.019775,2,1.0197,1.01985
2022-08-15 07:51:13,1.019775,0,1.0197,1.01985
2022-08-15 07:51:14,1.019765,6,1.01969,1.01984
2022-08-15 07:51:15,1.019785,0,1.01971,1.01986
2022-08-15 07:51:16,1.019785,0,1.01971,1.01986
2022-08-15 07:51:17,1.019775,1,1.0197,1.01985
2022-08-15 07:51:18,1.019795,0,1.01972,1.01987
2022-08-15 07:51:19,1.019835,0,1.01976,1.01991
2022-08-15 07:51:20,1.019825,5,1.01975,1.0199
2022-08-15 07:51:21,1.019825,0,1.01975,1.0199
2022-08-15 07:51:22,1.019805,3,1.01973,1.01988
2022-08-15 07:51:23,1.019835,0,1.01976,1.01991
2022-08-15 07:51:24,1.01984,0,1.01977,1.01991
2022-08-15 07:51:25,1.019825,1,1.01975,1.0199
2022-08-15 07:51:26,1.019845,0,1.01977,1.01992
2022-08-15 07:51:27,1.019845,0,1.01977,1.01992
2022-08-15 07:51:28,1.019845,0,1.01977,1.01992
2022-08-15 07:51:29,1.019845,1,1.01977,1.01992
2022-08-15 07:51:30,1.019825,0,1.01975,1.0199
2022-08-15 07:51:31,1.019885,10,1.01981,1.01996
2022-08-15 07:51:32,1.019905,0,1.01983,1.01998
2022-08-15 07:51:33,1.01991,0,1.01984,1.01998
2022-08-15 07:51:34,1.019905,2,1.01983,1.01998
2022-08-15 07:51:35,1.019895,0,1.01982,1.01997
2022-08-15 07:51:36,1.019895,1,1.01982,1.01997
2022-08-15 07:51:37,1.019965,4,1.01989,1.02004
2022-08-15 07:51:38,1.019965,0,1.01989,1.02004
2022-08-15 07:51:39,1.019935,1,1.01986,1.02001
2022-08-15 07:51:40,1.019955,0,1.01988,1.02003
2022-08-15 07:51:41,1.019935,1,1.01986,1.02001
2022-08-15 07:51:42,1.019935,0,1.01986,1.02001
2022-08-15 07:51:43,1.019945,1,1.01987,1.02002
2022-08-15 07:51:44,1.019965,8,1.01989,1.02004
2022-08-15 07:51:45,1.020045,0,1.01997,1.02012
2022-08-15 07:51:46,1.020015,9,1.01994,1.02009
2022-08-15 07:51:47,1.020045,0,1.01997,1.02012
2022-08-15 07:51:48,1.020045,0,1.01997,1.02012
2022-08-15 07:51:49,1.020025,7,1.01995,1.0201
2022-08-15 07:51:50,1.020025,0,1.01995,1.0201
2022-08-15 07:51:51,1.020025,4,1.01995,1.0201
2022-08-15 07:51:52,1.020025,2,1.01995,1.0201
2022-08-15 07:51:53,1.020015,1,1.01994,1.02009
2022-08-15 07:51:54,1.019995,4,1.01992,1.02007
2022-08-15 07:51:55,1.019985,5,1.01991,1.02006
2022-08-15 07:51:56,1.019995,0,1.01992,1.02007
2022-08-15 07:51:57,1.019965,3,1.01989,1.02004
2022-08-15 07:51:58,1.019965,3,1.01989,1.02004
2022-08-15 07:51:59,1.019965,0,1.01989,1.02004
2022-08-15 07:52:00,1.019965,2,1.01989,1.02004
2022-08-15 07:52:01,1.019965,0,1.01989,1.02004
2022-08-15 07:52:02,1.019995,3,1.01992,1.02007
2022-08-15 07:52:03,1.019985,8,1.01991,1.02006
2022-08-15 07:52:04,1.019995,1,1.01992,1.02007
2022-08-15 07:52:05,1.020015,0,1.01994,1.02009
2022-08-15 07:52:06,1.020015,4,1.01994,1.02009
2022-08-15 07:52:07,1.020015,0,1.01994,1.02009
2022-08-15 07:52:08,1.020025,0,1.01995,1.0201
2022-08-15 07:52:09,1.020015,2,1.01994,1.02009
2022-08-15 07:52:10,1.019995,0,1.01992,1.02007
2022-08-15 07:52:11,1.019915,6,1.01984,1.01999
2022-08-15 07:52:12,1.019935,6,1.01986,1.02001
2022-08-15 07:52:13,1.019945,0,1.01987,1.02002
2022-08-15 07:52:14,1.019955,2,1.01988,1.02003
2022-08-15 07:52:15,1.019965,1,1.01989,1.02004
2022-08-15 07:52:16,1.019965,0,1.01989,1.02004
2022-08-15 07:52:17,1.019965,10,1.01989,1.02004
2022-08-15 07:52:18,1.019975,0,1.0199,1.02005
2022-08-15 07:52:19,1.019965,0,1.01989,1.02004
2022-08-15 07:52:20,1.019965,5,1.01989,1.02004
2022-08-15 07:52:21,1.019965,0,1.01989,1.02004
2022-08-15 07:52:22,1.019965,0,1.01989,1.02004
2022-08-15 07:52:23,1.019985,8,1.01991,1.02006
2022-08-15 07:52:24,1.019985,0,1.01991,1.02006
2022-08-15 07:52:25,1.019985,0,1.01991,1.02006
2022-08-15 07:52:26,1.019985,0,1.01991,1.02006
2022-08-15 07:52:27,1.019965,1,1.01989,1.02004
2022-08-15 07:52:28,1.019965,1,1.01989,1.02004
2022-08-15 07:52:29,1.019985,2,1.01991,1.02006
2022-08-15 07:52:30,1.01992,5,1.01985,1.01999
2022-08-15 07:52:31,1.019925,4,1.01985,1.02
2022-08-15 07:52:32,1.019925,0,1.01985,1.02
2022-08-15 07:52:33,1.019925,3,1.01985,1.02
2022-08-15 07:52:34,1.019945,0,1.01987,1.02002
2022-08-15 07:52:35,1.019965,2,1.01989,1.02004
2022-08-15 07:52:36,1.019965,0,1.01989,1.02004
2022-08-15 07:52:37,1.019965,0,1.01989,1.02004
2022-08-15 07:52:38,1.019995,2,1.01992,1.02007
2022-08-15 07:52:39,1.019995,0,1.01992,1.02007
2022-08-15 07:52:40,1.019975,0,1.0199,1.02005
2022-08-15 07:52:41,1.019965,2,1.01989,1.02004
2022-08-15 07:52:42,1.019955,0,1.01988,1.02003
2022-08-15 07:52:43,1.019965,0,1.01989,1.02004
2022-08-15 07:52:44,1.019945,2,1.01987,1.02002
2022-08-15 07:52:45,1.019945,1,1.01987,1.02002
2022-08-15 07:52:46,1.019965,0,1.01989,1.02004
2022-08-15 07:52:47,1.019935,1,1.01986,1.02001
2022-08-15 07:52:48,1.019955,0,1.01988,1.02003
2022-08-15 07:52:49,1.019955,1,1.01988,1.02003
2022-08-15 07:52:50,1.019955,0,1.01988,1.02003
2022-08-15 07:52:51,1.019955,2,1.01988,1.02003
2022-08-15 07:52:52,1.019935,0,1.01986,1.02001
2022-08-15 07:52:53,1.019935,0,1.01986,1.02001
2022-08-15 07:52:54,1.01995,2,1.01988,1.02002
2022-08-15 07:52:55,1.01993,2,1.01986,1.02
2022-08-15 07:52:56,1.01991,0,1.01984,1.01998
2022-08-15 07:52:57,1.019915,2,1.01984,1.01999
2022-08-15 07:52:58,1.019885,0,1.01981,1.01996
2022-08-15 07:52:59,1.019855,0,1.01978,1.01993
2022-08-15 07:53:00,1.019815,11,1.01974,1.01989
2022-08-15 07:53:01,1.019815,0,1.01974,1.01989
2022-08-15 07:53:02,1.019815,0,1.01974,1.01989
2022-08-15 07:53:03,1.019825,1,1.01975,1.0199
2022-08-15 07:53:04,1.019805,0,1.01973,1.01988
2022-08-15 07:53:05,1.019875,8,1.0198,1.01995
2022-08-15 07:53:06,1.019945,0,1.01987,1.02002
2022-08-15 07:53:07,1.019965,5,1.01989,1.02004
2022-08-15 07:53:08,1.019955,0,1.01988,1.02003
2022-08-15 07:53:09,1.019965,0,1.01989,1.02004
2022-08-15 07:53:10,1.019975,2,1.0199,1.02005
2022-08-15 07:53:11,1.019965,0,1.01989,1.02004
2022-08-15 07:53:12,1.019975,5,1.0199,1.02005
2022-08-15 07:53:13,1.019975,0,1.0199,1.02005
2022-08-15 07:53:14,1.019975,0,1.0199,1.02005
2022-08-15 07:53:15,1.020015,10,1.01994,1.02009
2022-08-15 07:53:16,1.020025,0,1.01995,1.0201
2022-08-15 07:53:17,1.020025,0,1.01995,1.0201
2022-08-15 07:53:18,1.020035,2,1.01996,1.02011
2022-08-15 07:53:19,1.020045,0,1.01997,1.02012
2022-08-15 07:53:20,1.020045,6,1.01997,1.02012
2022-08-15 07:53:21,1.020095,6,1.02002,1.02017
2022-08-15 07:53:22,1.020055,0,1.01998,1.02013
2022-08-15 07:53:23,1.020055,0,1.01998,1.02013
2022-08-15 07:53:24,1.020085,0,1.02001,1.02016
2022-08-15 07:53:25,1.020085,0,1.02001,1.02016
2022-08-15 07:53:26,1.020075,1,1.02,1.02015
2022-08-15 07:53:27,1.020095,6,1.02002,1.02017
2022-08-15 07:53:28,1.020075,3,1.02,1.02015
2022-08-15 07:53:29,1.020075,0,1.02,1.02015
2022-08-15 07:53:30,1.020115,0,1.02004,1.02019
2022-08-15 07:53:31,1.020135,0,1.02006,1.02021
2022-08-15 07:53:32,1.020105,4,1.02003,1.02018
2022-08-15 07:53:33,1.020155,14,1.02008,1.02023
2022-08-15 07:53:34,1.020155,0,1.02008,1.02023
2022-08-15 07:53:35,1.020125,0,1.02005,1.0202
2022-08-15 07:53:36,1.020165,5,1.02009,1.02024
2022-08-15 07:53:37,1.020165,1,1.02009,1.02024
2022-08-15 07:53:38,1.020185,11,1.02011,1.02026
2022-08-15 07:53:39,1.020175,1,1.0201,1.02025
2022-08-15 07:53:40,1.020175,0,1.0201,1.02025
2022-08-15 07:53:41,1.020165,4,1.02009,1.02024
2022-08-15 07:53:42,1.020165,0,1.02009,1.02024
2022-08-15 07:53:43,1.020215,0,1.02014,1.02029
2022-08-15 07:53:44,1.020185,4,1.02011,1.02026
2022-08-15 07:53:45,1.020205,4,1.02013,1.02028
2022-08-15 07:53:46,1.020205,2,1.02013,1.02028
2022-08-15 07:53:47,1.020215,0,1.02014,1.02029
2022-08-15 07:53:48,1.0202,1,1.02013,1.02027
2022-08-15 07:53:49,1.0202,3,1.02013,1.02027
2022-08-15 07:53:50,1.020185,0,1.02011,1.02026
2022-08-15 07:53:51,1.020195,0,1.02012,1.02027
2022-08-15 07:53:52,1.020255,3,1.02018,1.02033
2022-08-15 07:53:53,1.020235,0,1.02016,1.02031
2022-08-15 07:53:54,1.020245,1,1.02017,1.02032
2022-08-15 07:53:55,1.020255,0,1.02018,1.02033
2022-08-15 07:53:56,1.020265,0,1.02019,1.02034
2022-08-15 07:53:57,1.020265,7,1.02019,1.02034
2022-08-15 07:53:58,1.02025,0,1.02018,1.02032
2022-08-15 07:53:59,1.02027,0,1.0202,1.02034
2022-08-15 07:54:00,1.020245,9,1.02017,1.02032
2022-08-15 07:54:01,1.020245,1,1.02017,1.02032
2022-08-15 07:54:02,1.020245,6,1.02017,1.02032
2022-08-15 07:54:03,1.020245,0,1.02017,1.02032
2022-08-15 07:54:04,1.020265,7,1.02019,1.02034
2022-08-15 07:54:05,1.020265,0,1.02019,1.02034
2022-08-15 07:54:06,1.020225,0,1.02015,1.0203
2022-08-15 07:54:07,1.02029,14,1.02022,1.02036
2022-08-15 07:54:08,1.020265,3,1.02019,1.02034
2022-08-15 07:54:09,1.02027,0,1.0202,1.02034
2022-08-15 07:54:10,1.020255,2,1.02018,1.02033
2022-08-15 07:54:11,1.020255,0,1.02018,1.02033
2022-08-15 07:54:12,1.020275,2,1.0202,1.02035
2022-08-15 07:54:13,1.020285,0,1.02021,1.02036
2022-08-15 07:54:14,1.020295,0,1.02022,1.02037
2022-08-15 07:54:15,1.020265,1,1.02019,1.02034
2022-08-15 07:54:16,1.020265,0,1.02019,1.02034
2022-08-15 07:54:17,1.020225,0,1.02015,1.0203
2022-08-15 07:54:18,1.020235,1,1.02016,1.02031
2022-08-15 07:54:19,1.020235,0,1.02016,1.02031
2022-08-15 07:54:20,1.020245,4,1.02017,1.02032
2022-08-15 07:54:21,1.020265,3,1.02019,1.02034
2022-08-15 07:54:22,1.020265,0,1.02019,1.02034
2022-08-15 07:54:23,1.020245,1,1.02017,1.02032
2022-08-15 07:54:24,1.020245,2,1.02017,1.02032
2022-08-15 07:54:25,1.020235,0,1.02016,1.02031
2022-08-15 07:54:26,1.020275,7,1.0202,1.02035
2022-08-15 07:54:27,1.020265,0,1.02019,1.02034
2022-08-15 07:54:28,1.020265,5,1.02019,1.02034
2022-08-15 07:54:29,1.020265,0,1.02019,1.02034
2022-08-15 07:54:30,1.020265,0,1.02019,1.02034
2022-08-15 07:54:31,1.020265,0,1.02019,1.02034
2022-08-15 07:54:32,1.020265,1,1.02019,1.02034
2022-08-15 07:54:33,1.020265,2,1.02019,1.02034
2022-08-15 07:54:34,1.020285,0,1.02021,1.02036
2022-08-15 07:54:35,1.020255,2,1.02018,1.02033
2022-08-15 07:54:36,1.020275,5,1.0202,1.02035
2022-08-15 07:54:37,1.020285,0,1.02021,1.02036
2022-08-15 07:54:38,1.020255,2,1.02018,1.02033
2022-08-15 07:54:39,1.020285,1,1.02021,1.02036
2022-08-15 07:54:40,1.020285,0,1.02021,1.02036
2022-08-15 07:54:41,1.020265,4,1.02019,1.02034
2022-08-15 07:54:42,1.020285,0,1.02021,1.02036
2022-08-15 07:54:43,1.020255,4,1.02018,1.02033
2022-08-15 07:54:44,1.020265,1,1.02019,1.02034
2022-08-15 07:54:45,1.020275,4,1.0202,1.02035
2022-08-15 07:54:46,1.020285,7,1.02021,1.02036
2022-08-15 07:54:47,1.020295,0,1.02022,1.02037
2022-08-15 07:54:48,1.02035,8,1.02028,1.02042
2022-08-15 07:54:49,1.020335,5,1.02026,1.02041
2022-08-15 07:54:50,1.020355,0,1.02028,1.02043
2022-08-15 07:54:51,1.020335,2,1.02026,1.02041
2022-08-15 07:54:52,1.020345,3,1.02027,1.02042
2022-08-15 07:54:53,1.020395,5,1.02032,1.02047
2022-08-15 07:54:54,1.020385,0,1.02031,1.02046
2022-08-15 07:54:55,1.020405,0,1.02033,1.02048
2022-08-15 07:54:56,1.020405,4,1.02033,1.02048
2022-08-15 07:54:57,1.020395,1,1.02032,1.02047
2022-08-15 07:54:58,1.020385,3,1.02031,1.02046
2022-08-15 07:54:59,1.020385,0,1.02031,1.02046
2022-08-15 07:55:00,1.020325,0,1.02025,1.0204
2022-08-15 07:55:01,1.020335,0,1.02026,1.02041
2022-08-15 07:55:02,1.020335,1,1.02026,1.02041
2022-08-15 07:55:03,1.020335,0,1.02026,1.02041
2022-08-15 07:55:04,1.020325,5,1.02025,1.0204
2022-08-15 07:55:05,1.020325,1,1.02025,1.0204
2022-08-15 07:55:06,1.020315,0,1.02024,1.02039
2022-08-15 07:55:07,1.02031,3,1.02024,1.02038
2022-08-15 07:55:08,1.020315,0,1.02024,1.02039
2022-08-15 07:55:09,1.02031,0,1.02024,1.02038
2022-08-15 07:55:10,1.020285,5,1.02021,1.02036
2022-08-15 07:55:11,1.020295,0,1.02022,1.02037
2022-08-15 07:55:12,1.020285,4,1.02021,1.02036
2022-08-15 07:55:13,1.020305,0,1.02023,1.02038
2022-08-15 07:55:14,1.020285,6,1.02021,1.02036
2022-08-15 07:55:15,1.020285,1,1.02021,1.02036
2022-08-15 07:55:16,1.020275,0,1.0202,1.02035
2022-08-15 07:55:17,1.020275,3,1.0202,1.02035
2022-08-15 07:55:18,1.020275,0,1.0202,1.02035
2022-08-15 07:55:19,1.020255,1,1.02018,1.02033
2022-08-15 07:55:20,1.020255,1,1.02018,1.02033
2022-08-15 07:55:21,1.020265,3,1.02019,1.02034
2022-08-15 07:55:22,1.020265,1,1.02019,1.02034
2022-08-15 07:55:23,1.020265,0,1.02019,1.02034
2022-08-15 07:55:24,1.020215,0,1.02014,1.02029
2022-08-15 07:55:25,1.020215,4,1.02014,1.02029
2022-08-15 07:55:26,1.020225,0,1.02015,1.0203
2022-08-15 07:55:27,1.020305,4,1.02023,1.02038
2022-08-15 07:55:28,1.020275,2,1.0202,1.02035
2022-08-15 07:55:29,1.020265,0,1.02019,1.02034
2022-08-15 07:55:30,1.020265,2,1.02019,1.02034
2022-08-15 07:55:31,1.020265,0,1.02019,1.02034
2022-08-15 07:55:32,1.020325,5,1.02025,1.0204
2022-08-15 07:55:33,1.020325,2,1.02025,1.0204
2022-08-15 07:55:34,1.020345,0,1.02027,1.02042
2022-08-15 07:55:35,1.020335,2,1.02026,1.02041
2022-08-15 07:55:36,1.020325,0,1.02025,1.0204
2022-08-15 07:55:37,1.020335,3,1.02026,1.02041
2022-08-15 07:55:38,1.020335,0,1.02026,1.02041
2022-08-15 07:55:39,1.020345,0,1.02027,1.02042
2022-08-15 07:55:40,1.020315,3,1.02024,1.02039
2022-08-15 07:55:41,1.020315,1,1.02024,1.02039
2022-08-15 07:55:42,1.020315,1,1.02024,1.02039
2022-08-15 07:55:43,1.020315,7,1.02024,1.02039
2022-08-15 07:55:44,1.020325,0,1.02025,1.0204
2022-08-15 07:55:45,1.020295,5,1.02022,1.02037
2022-08-15 07:55:46,1.020295,0,1.02022,1.02037
2022-08-15 07:55:47,1.020275,0,1.0202,1.02035
2022-08-15 07:55:48,1.020245,3,1.02017,1.02032
2022-08-15 07:55:49,1.020245,0,1.02017,1.02032
2022-08-15 07:55:50,1.020295,3,1.02022,1.02037
2022-08-15 07:55:51,1.020285,1,1.02021,1.02036
2022-08-15 07:55:52,1.020265,0,1.02019,1.02034
2022-08-15 07:55:53,1.020265,3,1.02019,1.02034
2022-08-15 07:55:54,1.020275,1,1.0202,1.02035
2022-08-15 07:55:55,1.020305,0,1.02023,1.02038
2022-08-15 07:55:56,1.020285,4,1.02021,1.02036
2022-08-15 07:55:57,1.020265,1,1.02019,1.02034
2022-08-15 07:55:58,1.020275,7,1.0202,1.02035
2022-08-15 07:55:59,1.020275,0,1.0202,1.02035
2022-08-15 07:56:00,1.020265,0,1.02019,1.02034
2022-08-15 07:56:01,1.020265,2,1.02019,1.02034
2022-08-15 07:56:02,1.0203,0,1.02023,1.02037
2022-08-15 07:56:03,1.020305,0,1.02023,1.02038
2022-08-15 07:56:04,1.020315,3,1.02024,1.02039
2022-08-15 07:56:05,1.02033,0,1.02026,1.0204
2022-08-15 07:56:06,1.02039,0,1.02032,1.02046
2022-08-15 07:56:07,1.020425,6,1.02035,1.0205
2022-08-15 07:56:08,1.020435,0,1.02036,1.02051
2022-08-15 07:56:09,1.020425,0,1.02035,1.0205
2022-08-15 07:56:10,1.020435,3,1.02036,1.02051
2022-08-15 07:56:11,1.020435,4,1.02036,1.02051
2022-08-15 07:56:12,1.020425,6,1.02035,1.0205
2022-08-15 07:56:13,1.020445,0,1.02037,1.02052
2022-08-15 07:56:14,1.020485,0,1.02041,1.02056
2022-08-15 07:56:15,1.020475,6,1.0204,1.02055
2022-08-15 07:56:16,1.020475,0,1.0204,1.02055
2022-08-15 07:56:17,1.020505,9,1.02043,1.02058
2022-08-15 07:56:18,1.020515,0,1.02044,1.02059
2022-08-15 07:56:19,1.020515,1,1.02044,1.02059
2022-08-15 07:56:20,1.020505,0,1.02043,1.02058
2022-08-15 07:56:21,1.020515,0,1.02044,1.02059
2022-08-15 07:56:22,1.020535,3,1.02046,1.02061
2022-08-15 07:56:23,1.020525,0,1.02045,1.0206
2022-08-15 07:56:24,1.02054,4,1.02047,1.02061
2022-08-15 07:56:25,1.020555,0,1.02048,1.02063
2022-08-15 07:56:26,1.020535,0,1.02046,1.02061
2022-08-15 07:56:27,1.020515,1,1.02044,1.02059
2022-08-15 07:56:28,1.020525,0,1.02045,1.0206
2022-08-15 07:56:29,1.020525,0,1.02045,1.0206
2022-08-15 07:56:30,1.020525,3,1.02045,1.0206
2022-08-15 07:56:31,1.020545,0,1.02047,1.02062
2022-08-15 07:56:32,1.020555,8,1.02048,1.02063
2022-08-15 07:56:33,1.020565,0,1.02049,1.02064
2022-08-15 07:56:34,1.020545,0,1.02047,1.02062
2022-08-15 07:56:35,1.020545,0,1.02047,1.02062
2022-08-15 07:56:36,1.020515,0,1.02044,1.02059
2022-08-15 07:56:37,1.020535,1,1.02046,1.02061
2022-08-15 07:56:38,1.020545,0,1.02047,1.02062
2022-08-15 07:56:39,1.020535,0,1.02046,1.02061
2022-08-15 07:56:40,1.020535,4,1.02046,1.02061
2022-08-15 07:56:41,1.020535,0,1.02046,1.02061
2022-08-15 07:56:42,1.020565,0,1.02049,1.02064
2022-08-15 07:56:43,1.020565,2,1.02049,1.02064
2022-08-15 07:56:44,1.020555,0,1.02048,1.02063
2022-08-15 07:56:45,1.020545,0,1.02047,1.02062
2022-08-15 07:56:46,1.020545,0,1.02047,1.02062
2022-08-15 07:56:47,1.020555,0,1.02048,1.02063
2022-08-15 07:56:48,1.020555,2,1.02048,1.02063
2022-08-15 07:56:49,1.020535,0,1.02046,1.02061
2022-08-15 07:56:50,1.020535,0,1.02046,1.02061
2022-08-15 07:56:51,1.020515,3,1.02044,1.02059
2022-08-15 07:56:52,1.020525,3,1.02045,1.0206
2022-08-15 07:56:53,1.02052,0,1.02045,1.02059
2022-08-15 07:56:54,1.020595,0,1.02052,1.02067
2022-08-15 07:56:55,1.020635,13,1.02056,1.02071
2022-08-15 07:56:56,1.020635,0,1.02056,1.02071
2022-08-15 07:56:57,1.020615,0,1.02054,1.02069
2022-08-15 07:56:58,1.020615,5,1.02054,1.02069
2022-08-15 07:56:59,1.020615,0,1.02054,1.02069
2022-08-15 07:57:00,1.020605,0,1.02053,1.02068
2022-08-15 07:57:01,1.020605,0,1.02053,1.02068
2022-08-15 07:57:02,1.020585,0,1.02051,1.02066
2022-08-15 07:57:03,1.020575,4,1.0205,1.02065
2022-08-15 07:57:04,1.02058,0,1.02051,1.02065
2022-08-15 07:57:05,1.020565,0,1.02049,1.02064
2022-08-15 07:57:06,1.020565,4,1.02049,1.02064
2022-08-15 07:57:07,1.020575,0,1.0205,1.02065
2022-08-15 07:57:08,1.020585,1,1.02051,1.02066
2022-08-15 07:57:09,1.020585,1,1.02051,1.02066
2022-08-15 07:57:10,1.020595,0,1.02052,1.02067
2022-08-15 07:57:11,1.020575,2,1.0205,1.02065
2022-08-15 07:57:12,1.020565,0,1.02049,1.02064
2022-08-15 07:57:13,1.020535,6,1.02046,1.02061
2022-08-15 07:57:14,1.020515,0,1.02044,1.02059
2022-08-15 07:57:15,1.020515,0,1.02044,1.02059
2022-08-15 07:57:16,1.020505,5,1.02043,1.02058
2022-08-15 07:57:17,1.020535,0,1.02046,1.02061
2022-08-15 07:57:18,1.020505,0,1.02043,1.02058
2022-08-15 07:57:19,1.020505,0,1.02043,1.02058
2022-08-15 07:57:20,1.020515,0,1.02044,1.02059
2022-08-15 07:57:21,1.02051,4,1.02044,1.02058
2022-08-15 07:57:22,1.020495,3,1.02042,1.02057
2022-08-15 07:57:23,1.020515,0,1.02044,1.02059
2022-08-15 07:57:24,1.020495,1,1.02042,1.02057
2022-08-15 07:57:25,1.020525,0,1.02045,1.0206
2022-08-15 07:57:26,1.020525,0,1.02045,1.0206
2022-08-15 07:57:27,1.020495,7,1.02042,1.02057
2022-08-15 07:57:28,1.020505,3,1.02043,1.02058
2022-08-15 07:57:29,1.020505,0,1.02043,1.02058
2022-08-15 07:57:30,1.020475,3,1.0204,1.02055
2022-08-15 07:57:31,1.020495,0,1.02042,1.02057
2022-08-15 07:57:32,1.020515,0,1.02044,1.02059
2022-08-15 07:57:33,1.020515,1,1.02044,1.02059
2022-08-15 07:57:34,1.020515,1,1.02044,1.02059
2022-08-15 07:57:35,1.020495,0,1.02042,1.02057
2022-08-15 07:57:36,1.020495,2,1.02042,1.02057
2022-08-15 07:57:37,1.020465,4,1.02039,1.02054
2022-08-15 07:57:38,1.020465,5,1.02039,1.02054
2022-08-15 07:57:39,1.020515,0,1.02044,1.02059
2022-08-15 07:57:40,1.020545,0,1.02047,1.02062
2022-08-15 07:57:41,1.020545,3,1.02047,1.02062
2022-08-15 07:57:42,1.020545,8,1.02047,1.02062
2022-08-15 07:57:43,1.020525,4,1.02045,1.0206
2022-08-15 07:57:44,1.020515,3,1.02044,1.02059
2022-08-15 07:57:45,1.020525,1,1.02045,1.0206
2022-08-15 07:57:46,1.020525,0,1.02045,1.0206
2022-08-15 07:57:47,1.020525,0,1.02045,1.0206
2022-08-15 07:57:48,1.020525,2,1.02045,1.0206
2022-08-15 07:57:49,1.020525,0,1.02045,1.0206
2022-08-15 07:57:50,1.020515,1,1.02044,1.02059
2022-08-15 07:57:51,1.020495,0,1.02042,1.02057
2022-08-15 07:57:52,1.020415,0,1.02034,1.02049
2022-08-15 07:57:53,1.020415,3,1.02034,1.02049
2022-08-15 07:57:54,1.020455,5,1.02038,1.02053
2022-08-15 07:57:55,1.020425,0,1.02035,1.0205
2022-08-15 07:57:56,1.020405,2,1.02033,1.02048
2022-08-15 07:57:57,1.020415,0,1.02034,1.02049
2022-08-15 07:57:58,1.020405,0,1.02033,1.02048
2022-08-15 07:57:59,1.020445,7,1.02037,1.02052
2022-08-15 07:58:00,1.020445,0,1.02037,1.02052
2022-08-15 07:58:01,1.020455,0,1.02038,1.02053
2022-08-15 07:58:02,1.020465,5,1.02039,1.02054
2022-08-15 07:58:03,1.020485,0,1.02041,1.02056
2022-08-15 07:58:04,1.020555,0,1.02048,1.02063
2022-08-15 07:58:05,1.020495,10,1.02042,1.02057
2022-08-15 07:58:06,1.020505,0,1.02043,1.02058
2022-08-15 07:58:07,1.020485,0,1.02041,1.02056
2022-08-15 07:58:08,1.020495,3,1.02042,1.02057
2022-08-15 07:58:09,1.020465,0,1.02039,1.02054
2022-08-15 07:58:10,1.020475,3,1.0204,1.02055
2022-08-15 07:58:11,1.020465,2,1.02039,1.02054
2022-08-15 07:58:12,1.020445,0,1.02037,1.02052
2022-08-15 07:58:13,1.020445,0,1.02037,1.02052
2022-08-15 07:58:14,1.020435,3,1.02036,1.02051
2022-08-15 07:58:15,1.020435,0,1.02036,1.02051
2022-08-15 07:58:16,1.020485,2,1.02041,1.02056
2022-08-15 07:58:17,1.020445,0,1.02037,1.02052
2022-08-15 07:58:18,1.020445,0,1.02037,1.02052
2022-08-15 07:58:19,1.020455,0,1.02038,1.02053
2022-08-15 07:58:20,1.020415,0,1.02034,1.02049
2022-08-15 07:58:21,1.020415,0,1.02034,1.02049
2022-08-15 07:58:22,1.020435,0,1.02036,1.02051
2022-08-15 07:58:23,1.020435,0,1.02036,1.02051
2022-08-15 07:58:24,1.020435,1,1.02036,1.02051
2022-08-15 07:58:25,1.020435,1,1.02036,1.02051
2022-08-15 07:58:26,1.020405,0,1.02033,1.02048
2022-08-15 07:58:27,1.020405,0,1.02033,1.02048
2022-08-15 07:58:28,1.020405,2,1.02033,1.02048
2022-08-15 07:58:29,1.020415,1,1.02034,1.02049
2022-08-15 07:58:30,1.020395,2,1.02032,1.02047
2022-08-15 07:58:31,1.020435,0,1.02036,1.02051
2022-08-15 07:58:32,1.0204,5,1.02033,1.02047
2022-08-15 07:58:33,1.0204,0,1.02033,1.02047
2022-08-15 07:58:34,1.020385,0,1.02031,1.02046
2022-08-15 07:58:35,1.020405,5,1.02033,1.02048
2022-08-15 07:58:36,1.020415,2,1.02034,1.02049
2022-08-15 07:58:37,1.020395,0,1.02032,1.02047
2022-08-15 07:58:38,1.020395,3,1.02032,1.02047
2022-08-15 07:58:39,1.020385,0,1.02031,1.02046
2022-08-15 07:58:40,1.020415,0,1.02034,1.02049
2022-08-15 07:58:41,1.020425,2,1.02035,1.0205
2022-08-15 07:58:42,1.020425,0,1.02035,1.0205
2022-08-15 07:58:43,1.020425,0,1.02035,1.0205
2022-08-15 07:58:44,1.020445,0,1.02037,1.02052
2022-08-15 07:58:45,1.020485,6,1.02041,1.02056
2022-08-15 07:58:46,1.020485,3,1.02041,1.02056
2022-08-15 07:58:47,1.020475,0,1.0204,1.02055
2022-08-15 07:58:48,1.020465,3,1.02039,1.02054
2022-08-15 07:58:49,1.020465,0,1.02039,1.02054
2022-08-15 07:58:50,1.020545,10,1.02047,1.02062
2022-08-15 07:58:51,1.020535,0,1.02046,1.02061
2022-08-15 07:58:52,1.020535,0,1.02046,1.02061
2022-08-15 07:58:53,1.020515,6,1.02044,1.02059
2022-08-15 07:58:54,1.020545,0,1.02047,1.02062
2022-08-15 07:58:55,1.020515,3,1.02044,1.02059
2022-08-15 07:58:56,1.020505,6,1.02043,1.02058
2022-08-15 07:58:57,1.020525,0,1.02045,1.0206
2022-08-15 07:58:58,1.020495,3,1.02042,1.02057
2022-08-15 07:58:59,1.020495,0,1.02042,1.02057
2022-08-15 07:59:00,1.020515,0,1.02044,1.02059
2022-08-15 07:59:01,1.020495,3,1.02042,1.02057
2022-08-15 07:59:02,1.020495,14,1.02042,1.02057
2022-08-15 07:59:03,1.020515,0,1.02044,1.02059
2022-08-15 07:59:04,1.020545,0,1.02047,1.02062
2022-08-15 07:59:05,1.020515,5,1.02044,1.02059
2022-08-15 07:59:06,1.020515,0,1.02044,1.02059
2022-08-15 07:59:07,1.020485,5,1.02041,1.02056
2022-08-15 07:59:08,1.020495,0,1.02042,1.02057
2022-08-15 07:59:09,1.020615,0,1.02054,1.02069
2022-08-15 07:59:10,1.020585,9,1.02051,1.02066
2022-08-15 07:59:11,1.020515,7,1.02044,1.02059
2022-08-15 07:59:12,1.020545,7,1.02047,1.02062
2022-08-15 07:59:13,1.020545,4,1.02047,1.02062
2022-08-15 07:59:14,1.020535,0,1.02046,1.02061
2022-08-15 07:59:15,1.020535,2,1.02046,1.02061
2022-08-15 07:59:16,1.020525,3,1.02045,1.0206
2022-08-15 07:59:17,1.020555,4,1.02048,1.02063
2022-08-15 07:59:18,1.020555,0,1.02048,1.02063
2022-08-15 07:59:19,1.020565,0,1.02049,1.02064
2022-08-15 07:59:20,1.020595,7,1.02052,1.02067
2022-08-15 07:59:21,1.020575,0,1.0205,1.02065
2022-08-15 07:59:22,1.020525,3,1.02045,1.0206
2022-08-15 07:59:23,1.020495,10,1.02042,1.02057
2022-08-15 07:59:24,1.020485,0,1.02041,1.02056
2022-08-15 07:59:25,1.020515,6,1.02044,1.02059
2022-08-15 07:59:26,1.020515,0,1.02044,1.02059
2022-08-15 07:59:27,1.020525,1,1.02045,1.0206
2022-08-15 07:59:28,1.020505,0,1.02043,1.02058
2022-08-15 07:59:29,1.020495,1,1.02042,1.02057
2022-08-15 07:59:30,1.020495,0,1.02042,1.02057
2022-08-15 07:59:31,1.020485,2,1.02041,1.02056
2022-08-15 07:59:32,1.020495,1,1.02042,1.02057
2022-08-15 07:59:33,1.020495,1,1.02042,1.02057
2022-08-15 07:59:34,1.020485,1,1.02041,1.02056
2022-08-15 07:59:35,1.020485,0,1.02041,1.02056
2022-08-15 07:59:36,1.020485,3,1.02041,1.02056
2022-08-15 07:59:37,1.02051,4,1.02044,1.02058
2022-08-15 07:59:38,1.020495,0,1.02042,1.02057
2022-08-15 07:59:39,1.020485,1,1.02041,1.02056
2022-08-15 07:59:40,1.020485,0,1.02041,1.02056
2022-08-15 07:59:41,1.020485,1,1.02041,1.02056
2022-08-15 07:59:42,1.020495,1,1.02042,1.02057
2022-08-15 07:59:43,1.020495,0,1.02042,1.02057
2022-08-15 07:59:44,1.020505,3,1.02043,1.02058
2022-08-15 07:59:45,1.020465,3,1.02039,1.02054
2022-08-15 07:59:46,1.020395,15,1.02032,1.02047
2022-08-15 07:59:47,1.020395,0,1.02032,1.02047
2022-08-15 07:59:48,1.020385,0,1.02031,1.02046
2022-08-15 07:59:49,1.020385,5,1.02031,1.02046
2022-08-15 07:59:50,1.020355,3,1.02028,1.02043
2022-08-15 07:59:51,1.020345,0,1.02027,1.02042
2022-08-15 07:59:52,1.020355,4,1.02028,1.02043
2022-08-15 07:59:53,1.020345,0,1.02027,1.02042
2022-08-15 07:59:54,1.020365,4,1.02029,1.02044
2022-08-15 07:59:55,1.020365,0,1.02029,1.02044
2022-08-15 07:59:56,1.020375,4,1.0203,1.02045
2022-08-15 07:59:57,1.020365,2,1.02029,1.02044
2022-08-15 07:59:58,1.020385,6,1.02031,1.02046
2022-08-15 07:59:59,1.020385,0,1.02031,1.02046
2022-08-15 08:00:00,1.020435,0,1.02036,1.02051
2022-08-15 08:00:01,1.020435,5,1.02036,1.02051
2022-08-15 08:00:02,1.020435,0,1.02036,1.02051
2022-08-15 08:00:03,1.020375,0,1.0203,1.02045
2022-08-15 08:00:04,1.020275,9,1.0202,1.02035
2022-08-15 08:00:05,1.020335,0,1.02026,1.02041
2022-08-15 08:00:06,1.020305,6,1.02023,1.02038
2022-08-15 08:00:07,1.020285,12,1.02021,1.02036
2022-08-15 08:00:08,1.020295,0,1.02022,1.02037
2022-08-15 08:00:09,1.020275,0,1.0202,1.02035
2022-08-15 08:00:10,1.020295,3,1.02022,1.02037
2022-08-15 08:00:11,1.02023,0,1.02016,1.0203
2022-08-15 08:00:12,1.020255,3,1.02018,1.02033
2022-08-15 08:00:13,1.020245,0,1.02017,1.02032
2022-08-15 08:00:14,1.020305,5,1.02023,1.02038
2022-08-15 08:00:15,1.020315,0,1.02024,1.02039
2022-08-15 08:00:16,1.020315,0,1.02024,1.02039
2022-08-15 08:00:17,1.020325,6,1.02025,1.0204
2022-08-15 08:00:18,1.020305,0,1.02023,1.02038
2022-08-15 08:00:19,1.020295,4,1.02022,1.02037
2022-08-15 08:00:20,1.02032,5,1.02025,1.02039
2022-08-15 08:00:21,1.020295,3,1.02022,1.02037
2022-08-15 08:00:22,1.020285,0,1.02021,1.02036
2022-08-15 08:00:23,1.020275,2,1.0202,1.02035
2022-08-15 08:00:24,1.020275,0,1.0202,1.02035
2022-08-15 08:00:25,1.020215,6,1.02014,1.02029
2022-08-15 08:00:26,1.020215,0,1.02014,1.02029
2022-08-15 08:00:27,1.020225,0,1.02015,1.0203
2022-08-15 08:00:28,1.020195,11,1.02012,1.02027
2022-08-15 08:00:29,1.020205,0,1.02013,1.02028
2022-08-15 08:00:30,1.02021,3,1.02014,1.02028
2022-08-15 08:00:31,1.020225,0,1.02015,1.0203
2022-08-15 08:00:32,1.020165,6,1.02009,1.02024
2022-08-15 08:00:33,1.020195,0,1.02012,1.02027
2022-08-15 08:00:34,1.020125,10,1.02005,1.0202
2022-08-15 08:00:35,1.020045,0,1.01997,1.02012
2022-08-15 08:00:36,1.020125,7,1.02005,1.0202
2022-08-15 08:00:37,1.020125,0,1.02005,1.0202
2022-08-15 08:00:38,1.020065,0,1.01999,1.02014
2022-08-15 08:00:39,1.020055,5,1.01998,1.02013
2022-08-15 08:00:40,1.020065,0,1.01999,1.02014
2022-08-15 08:00:41,1.020075,0,1.02,1.02015
2022-08-15 08:00:42,1.020085,3,1.02001,1.02016
2022-08-15 08:00:43,1.020125,1,1.02005,1.0202
2022-08-15 08:00:44,1.020145,8,1.02007,1.02022
2022-08-15 08:00:45,1.020115,0,1.02004,1.02019
2022-08-15 08:00:46,1.020125,0,1.02005,1.0202
2022-08-15 08:00:47,1.020135,4,1.02006,1.02021
2022-08-15 08:00:48,1.020135,0,1.02006,1.02021
2022-08-15 08:00:49,1.020125,4,1.02005,1.0202
2022-08-15 08:00:50,1.020125,0,1.02005,1.0202
2022-08-15 08:00:51,1.020095,0,1.02002,1.02017
2022-08-15 08:00:52,1.02011,8,1.02004,1.02018
2022-08-15 08:00:53,1.020125,0,1.02005,1.0202
2022-08-15 08:00:54,1.020055,0,1.01998,1.02013
2022-08-15 08:00:55,1.020075,0,1.02,1.02015
2022-08-15 08:00:56,1.020045,7,1.01997,1.02012
2022-08-15 08:00:57,1.020065,0,1.01999,1.02014
2022-08-15 08:00:58,1.020045,10,1.01997,1.02012
2022-08-15 08:00:59,1.020045,0,1.01997,1.02012
2022-08-15 08:01:00,1.02005,8,1.01998,1.02012
2022-08-15 08:01:01,1.02004,5,1.01997,1.02011
2022-08-15 08:01:02,1.02004,0,1.01997,1.02011
2022-08-15 08:01:03,1.020055,8,1.01998,1.02013
2022-08-15 08:01:04,1.020055,9,1.01998,1.02013
2022-08-15 08:01:05,1.020045,0,1.01997,1.02012
2022-08-15 08:01:06,1.020145,0,1.02007,1.02022
2022-08-15 08:01:07,1.020155,8,1.02008,1.02023
2022-08-15 08:01:08,1.020165,1,1.02009,1.02024
2022-08-15 08:01:09,1.020165,0,1.02009,1.02024
2022-08-15 08:01:10,1.020155,0,1.02008,1.02023
2022-08-15 08:01:11,1.020165,3,1.02009,1.02024
2022-08-15 08:01:12,1.020165,4,1.02009,1.02024
2022-08-15 08:01:13,1.020165,0,1.02009,1.02024
2022-08-15 08:01:14,1.020245,0,1.02017,1.02032
2022-08-15 08:01:15,1.020245,0,1.02017,1.02032
2022-08-15 08:01:16,1.020215,1,1.02014,1.02029
2022-08-15 08:01:17,1.020215,0,1.02014,1.02029
2022-08-15 08:01:18,1.020205,6,1.02013,1.02028
2022-08-15 08:01:19,1.020205,1,1.02013,1.02028
2022-08-15 08:01:20,1.020205,0,1.02013,1.02028
2022-08-15 08:01:21,1.020205,2,1.02013,1.02028
2022-08-15 08:01:22,1.020205,0,1.02013,1.02028
2022-08-15 08:01:23,1.020215,6,1.02014,1.02029
2022-08-15 08:01:24,1.020215,0,1.02014,1.02029
2022-08-15 08:01:25,1.02019,0,1.02012,1.02026
2022-08-15 08:01:26,1.020205,2,1.02013,1.02028
2022-08-15 08:01:27,1.020195,4,1.02012,1.02027
2022-08-15 08:01:28,1.020205,0,1.02013,1.02028
2022-08-15 08:01:29,1.020205,1,1.02013,1.02028
2022-08-15 08:01:30,1.020205,2,1.02013,1.02028
2022-08-15 08:01:31,1.020205,0,1.02013,1.02028
2022-08-15 08:01:32,1.020215,5,1.02014,1.02029
2022-08-15 08:01:33,1.020285,7,1.02021,1.02036
2022-08-15 08:01:34,1.020305,0,1.02023,1.02038
2022-08-15 08:01:35,1.020285,2,1.02021,1.02036
2022-08-15 08:01:36,1.020285,0,1.02021,1.02036
2022-08-15 08:01:37,1.020265,7,1.02019,1.02034
2022-08-15 08:01:38,1.020275,2,1.0202,1.02035
2022-08-15 08:01:39,1.020275,0,1.0202,1.02035
2022-08-15 08:01:40,1.020265,1,1.02019,1.02034
2022-08-15 08:01:41,1.020265,0,1.02019,1.02034
2022-08-15 08:01:42,1.020255,1,1.02018,1.02033
2022-08-15 08:01:43,1.020255,0,1.02018,1.02033
2022-08-15 08:01:44,1.020275,0,1.0202,1.02035
2022-08-15 08:01:45,1.020225,7,1.02015,1.0203
2022-08-15 08:01:46,1.020225,0,1.02015,1.0203
2022-08-15 08:01:47,1.020265,0,1.02019,1.02034
2022-08-15 08:01:48,1.020235,4,1.02016,1.02031
2022-08-15 08:01:49,1.020235,0,1.02016,1.02031
2022-08-15 08:01:50,1.020255,0,1.02018,1.02033
2022-08-15 08:01:51,1.020245,2,1.02017,1.02032
2022-08-15 08:01:52,1.020235,1,1.02016,1.02031
2022-08-15 08:01:53,1.020255,2,1.02018,1.02033
2022-08-15 08:01:54,1.020265,0,1.02019,1.02034
2022-08-15 08:01:55,1.020285,1,1.02021,1.02036
2022-08-15 08:01:56,1.020285,1,1.02021,1.02036
2022-08-15 08:01:57,1.020275,0,1.0202,1.02035
2022-08-15 08:01:58,1.020295,14,1.02022,1.02037
2022-08-15 08:01:59,1.020275,0,1.0202,1.02035
2022-08-15 08:02:00,1.020265,2,1.02019,1.02034
2022-08-15 08:02:01,1.020245,0,1.02017,1.02032
2022-08-15 08:02:02,1.020225,0,1.02015,1.0203
2022-08-15 08:02:03,1.020245,5,1.02017,1.02032
2022-08-15 08:02:04,1.020215,0,1.02014,1.02029
2022-08-15 08:02:05,1.020195,3,1.02012,1.02027
2022-08-15 08:02:06,1.020205,0,1.02013,1.02028
2022-08-15 08:02:07,1.020215,0,1.02014,1.02029
2022-08-15 08:02:08,1.020215,1,1.02014,1.02029
2022-08-15 08:02:09,1.020235,1,1.02016,1.02031
2022-08-15 08:02:10,1.020235,0,1.02016,1.02031
2022-08-15 08:02:11,1.020235,0,1.02016,1.02031
2022-08-15 08:02:12,1.020225,4,1.02015,1.0203
2022-08-15 08:02:13,1.020205,0,1.02013,1.02028
2022-08-15 08:02:14,1.020215,0,1.02014,1.02029
2022-08-15 08:02:15,1.020215,2,1.02014,1.02029
2022-08-15 08:02:16,1.020215,0,1.02014,1.02029
2022-08-15 08:02:17,1.020225,1,1.02015,1.0203
2022-08-15 08:02:18,1.02023,0,1.02016,1.0203
2022-08-15 08:02:19,1.020235,0,1.02016,1.02031
2022-08-15 08:02:20,1.020125,9,1.02005,1.0202
2022-08-15 08:02:21,1.020135,0,1.02006,1.02021
2022-08-15 08:02:22,1.020135,0,1.02006,1.02021
2022-08-15 08:02:23,1.020125,1,1.02005,1.0202
2022-08-15 08:02:24,1.020135,0,1.02006,1.02021
2022-08-15 08:02:25,1.020135,0,1.02006,1.02021
2022-08-15 08:02:26,1.02017,0,1.0201,1.02024
2022-08-15 08:02:27,1.0202,4,1.02013,1.02027
2022-08-15 08:02:28,1.020215,0,1.02014,1.02029
2022-08-15 08:02:29,1.020245,6,1.02017,1.02032
2022-08-15 08:02:30,1.020245,0,1.02017,1.02032
2022-08-15 08:02:31,1.02027,0,1.0202,1.02034
2022-08-15 08:02:32,1.020255,11,1.02018,1.02033
2022-08-15 08:02:33,1.020255,0,1.02018,1.02033
2022-08-15 08:02:34,1.020245,0,1.02017,1.02032
2022-08-15 08:02:35,1.020235,3,1.02016,1.02031
2022-08-15 08:02:36,1.020245,0,1.02017,1.02032
2022-08-15 08:02:37,1.020245,1,1.02017,1.02032
2022-08-15 08:02:38,1.020245,0,1.02017,1.02032
2022-08-15 08:02:39,1.020235,0,1.02016,1.02031
2022-08-15 08:02:40,1.020225,3,1.02015,1.0203
2022-08-15 08:02:41,1.020245,0,1.02017,1.02032
2022-08-15 08:02:42,1.020245,0,1.02017,1.02032
2022-08-15 08:02:43,1.020245,2,1.02017,1.02032
2022-08-15 08:02:44,1.020275,4,1.0202,1.02035
2022-08-15 08:02:45,1.020275,0,1.0202,1.02035
2022-08-15 08:02:46,1.020265,1,1.02019,1.02034
2022-08-15 08:02:47,1.020265,1,1.02019,1.02034
2022-08-15 08:02:48,1.020275,3,1.0202,1.02035
2022-08-15 08:02:49,1.020245,0,1.02017,1.02032
2022-08-15 08:02:50,1.020245,0,1.02017,1.02032
2022-08-15 08:02:51,1.020255,4,1.02018,1.02033
2022-08-15 08:02:52,1.020235,2,1.02016,1.02031
2022-08-15 08:02:53,1.020225,0,1.02015,1.0203
2022-08-15 08:02:54,1.020155,6,1.02008,1.02023
2022-08-15 08:02:55,1.020155,2,1.02008,1.02023
2022-08-15 08:02:56,1.020055,0,1.01998,1.02013
2022-08-15 08:02:57,1.020075,0,1.02,1.02015
2022-08-15 08:02:58,1.020105,2,1.02003,1.02018
2022-08-15 08:02:59,1.020105,0,1.02003,1.02018
2022-08-15 08:03:00,1.020095,4,1.02002,1.02017
2022-08-15 08:03:01,1.020105,5,1.02003,1.02018
2022-08-15 08:03:02,1.020085,1,1.02001,1.02016
2022-08-15 08:03:03,1.020085,0,1.02001,1.02016
2022-08-15 08:03:04,1.020095,0,1.02002,1.02017
2022-08-15 08:03:05,1.020075,1,1.02,1.02015
2022-08-15 08:03:06,1.020065,2,1.01999,1.02014
2022-08-15 08:03:07,1.020065,0,1.01999,1.02014
2022-08-15 08:03:08,1.020065,3,1.01999,1.02014
2022-08-15 08:03:09,1.020065,0,1.01999,1.02014
2022-08-15 08:03:10,1.020055,1,1.01998,1.02013
2022-08-15 08:03:11,1.020075,0,1.02,1.02015
2022-08-15 08:03:12,1.020045,2,1.01997,1.02012
2022-08-15 08:03:13,1.019985,5,1.01991,1.02006
2022-08-15 08:03:14,1.019985,0,1.01991,1.02006
2022-08-15 08:03:15,1.020005,5,1.01993,1.02008
2022-08-15 08:03:16,1.019995,1,1.01992,1.02007
2022-08-15 08:03:17,1.019995,5,1.01992,1.02007
2022-08-15 08:03:18,1.020015,2,1.01994,1.02009
2022-08-15 08:03:19,1.020015,0,1.01994,1.02009
2022-08-15 08:03:20,1.020005,4,1.01993,1.02008
2022-08-15 08:03:21,1.020015,2,1.01994,1.02009
2022-08-15 08:03:22,1.01999,0,1.01992,1.02006
2022-08-15 08:03:23,1.02,4,1.01993,1.02007
2022-08-15 08:03:24,1.019975,4,1.0199,1.02005
2022-08-15 08:03:25,1.019975,5,1.0199,1.02005
2022-08-15 08:03:26,1.019975,0,1.0199,1.02005
2022-08-15 08:03:27,1.019975,0,1.0199,1.02005
2022-08-15 08:03:28,1.020005,5,1.01993,1.02008
2022-08-15 08:03:29,1.019975,1,1.0199,1.02005
2022-08-15 08:03:30,1.019985,0,1.01991,1.02006
2022-08-15 08:03:31,1.019995,1,1.01992,1.02007
2022-08-15 08:03:32,1.019955,0,1.01988,1.02003
2022-08-15 08:03:33,1.019925,3,1.01985,1.02
2022-08-15 08:03:34,1.019935,0,1.01986,1.02001
2022-08-15 08:03:35,1.019915,0,1.01984,1.01999
2022-08-15 08:03:36,1.019935,2,1.01986,1.02001
2022-08-15 08:03:37,1.019955,0,1.01988,1.02003
2022-08-15 08:03:38,1.019945,6,1.01987,1.02002
2022-08-15 08:03:39,1.019915,5,1.01984,1.01999
2022-08-15 08:03:40,1.019915,0,1.01984,1.01999
2022-08-15 08:03:41,1.019925,0,1.01985,1.02
2022-08-15 08:03:42,1.019915,6,1.01984,1.01999
2022-08-15 08:03:43,1.019895,2,1.01982,1.01997
2022-08-15 08:03:44,1.019895,1,1.01982,1.01997
2022-08-15 08:03:45,1.019905,4,1.01983,1.01998
2022-08-15 08:03:46,1.019915,2,1.01984,1.01999
2022-08-15 08:03:47,1.019895,6,1.01982,1.01997
2022-08-15 08:03:48,1.019935,3,1.01986,1.02001
2022-08-15 08:03:49,1.019945,7,1.01987,1.02002
2022-08-15 08:03:50,1.019925,8,1.01985,1.02
2022-08-15 08:03:51,1.019925,0,1.01985,1.02
2022-08-15 08:03:52,1.019945,1,1.01987,1.02002
2022-08-15 08:03:53,1.019955,1,1.01988,1.02003
2022-08-15 08:03:54,1.019955,2,1.01988,1.02003
2022-08-15 08:03:55,1.019955,0,1.01988,1.02003
2022-08-15 08:03:56,1.019955,0,1.01988,1.02003
2022-08-15 08:03:57,1.019995,0,1.01992,1.02007
2022-08-15 08:03:58,1.019995,4,1.01992,1.02007
2022-08-15 08:03:59,1.019995,0,1.01992,1.02007
2022-08-15 08:04:00,1.020015,7,1.01994,1.02009
2022-08-15 08:04:01,1.019995,3,1.01992,1.02007
2022-08-15 08:04:02,1.019985,3,1.01991,1.02006
2022-08-15 08:04:03,1.019995,3,1.01992,1.02007
2022-08-15 08:04:04,1.019995,0,1.01992,1.02007
2022-08-15 08:04:05,1.019995,1,1.01992,1.02007
2022-08-15 08:04:06,1.019995,0,1.01992,1.02007
2022-08-15 08:04:07,1.019965,0,1.01989,1.02004
2022-08-15 08:04:08,1.019965,0,1.01989,1.02004
2022-08-15 08:04:09,1.019955,0,1.01988,1.02003
2022-08-15 08:04:10,1.019945,2,1.01987,1.02002
2022-08-15 08:04:11,1.020005,13,1.01993,1.02008
2022-08-15 08:04:12,1.019995,0,1.01992,1.02007
2022-08-15 08:04:13,1.019995,0,1.01992,1.02007
2022-08-15 08:04:14,1.020015,1,1.01994,1.02009
2022-08-15 08:04:15,1.020005,0,1.01993,1.02008
2022-08-15 08:04:16,1.019995,6,1.01992,1.02007
2022-08-15 08:04:17,1.020015,0,1.01994,1.02009
2022-08-15 08:04:18,1.02001,0,1.01994,1.02008
2022-08-15 08:04:19,1.020015,1,1.01994,1.02009
2022-08-15 08:04:20,1.020005,4,1.01993,1.02008
2022-08-15 08:04:21,1.020085,6,1.02001,1.02016
2022-08-15 08:04:22,1.020085,0,1.02001,1.02016
2022-08-15 08:04:23,1.020085,0,1.02001,1.02016
2022-08-15 08:04:24,1.020075,3,1.02,1.02015
2022-08-15 08:04:25,1.020055,0,1.01998,1.02013
2022-08-15 08:04:26,1.020065,1,1.01999,1.02014
2022-08-15 08:04:27,1.020055,2,1.01998,1.02013
2022-08-15 08:04:28,1.020075,0,1.02,1.02015
2022-08-15 08:04:29,1.020065,3,1.01999,1.02014
2022-08-15 08:04:30,1.020065,0,1.01999,1.02014
2022-08-15 08:04:31,1.020065,1,1.01999,1.02014
2022-08-15 08:04:32,1.020085,3,1.02001,1.02016
2022-08-15 08:04:33,1.020085,0,1.02001,1.02016
2022-08-15 08:04:34,1.020065,1,1.01999,1.02014
2022-08-15 08:04:35,1.020065,3,1.01999,1.02014
2022-08-15 08:04:36,1.020065,0,1.01999,1.02014
2022-08-15 08:04:37,1.020085,0,1.02001,1.02016
2022-08-15 08:04:38,1.020085,2,1.02001,1.02016
2022-08-15 08:04:39,1.02007,3,1.02,1.02014
2022-08-15 08:04:40,1.02007,5,1.02,1.02014
2022-08-15 08:04:41,1.020085,0,1.02001,1.02016
2022-08-15 08:04:42,1.020055,1,1.01998,1.02013
2022-08-15 08:04:43,1.020075,2,1.02,1.02015
2022-08-15 08:04:44,1.020075,0,1.02,1.02015
2022-08-15 08:04:45,1.020075,4,1.02,1.02015
2022-08-15 08:04:46,1.020035,0,1.01996,1.02011
2022-08-15 08:04:47,1.020035,2,1.01996,1.02011
2022-08-15 08:04:48,1.020045,0,1.01997,1.02012
2022-08-15 08:04:49,1.020045,0,1.01997,1.02012
2022-08-15 08:04:50,1.020075,5,1.02,1.02015
2022-08-15 08:04:51,1.020055,0,1.01998,1.02013
2022-08-15 08:04:52,1.020085,1,1.02001,1.02016
2022-08-15 08:04:53,1.020085,0,1.02001,1.02016
2022-08-15 08:04:54,1.020075,2,1.02,1.02015
2022-08-15 08:04:55,1.020075,0,1.02,1.02015
2022-08-15 08:04:56,1.020075,0,1.02,1.02015
2022-08-15 08:04:57,1.020075,0,1.02,1.02015
2022-08-15 08:04:58,1.020075,0,1.02,1.02015
2022-08-15 08:04:59,1.020055,0,1.01998,1.02013
2022-08-15 08:05:00,1.020035,0,1.01996,1.02011
2022-08-15 08:05:01,1.020045,0,1.01997,1.02012
2022-08-15 08:05:02,1.020035,2,1.01996,1.02011
2022-08-15 08:05:03,1.020005,0,1.01993,1.02008
2022-08-15 08:05:04,1.020005,3,1.01993,1.02008
2022-08-15 08:05:05,1.019985,2,1.01991,1.02006
2022-08-15 08:05:06,1.019975,0,1.0199,1.02005
2022-08-15 08:05:07,1.019965,3,1.01989,1.02004
2022-08-15 08:05:08,1.019965,0,1.01989,1.02004
2022-08-15 08:05:09,1.019985,6,1.01991,1.02006
2022-08-15 08:05:10,1.019985,0,1.01991,1.02006
2022-08-15 08:05:11,1.019965,0,1.01989,1.02004
2022-08-15 08:05:12,1.019965,0,1.01989,1.02004
2022-08-15 08:05:13,1.019955,0,1.01988,1.02003
2022-08-15 08:05:14,1.019925,6,1.01985,1.02
2022-08-15 08:05:15,1.020015,4,1.01994,1.02009
2022-08-15 08:05:16,1.019995,1,1.01992,1.02007
2022-08-15 08:05:17,1.020015,2,1.01994,1.02009
2022-08-15 08:05:18,1.020015,0,1.01994,1.02009
2022-08-15 08:05:19,1.020015,3,1.01994,1.02009
2022-08-15 08:05:20,1.020015,0,1.01994,1.02009
2022-08-15 08:05:21,1.020005,0,1.01993,1.02008
2022-08-15 08:05:22,1.019995,1,1.01992,1.02007
2022-08-15 08:05:23,1.019955,6,1.01988,1.02003
2022-08-15 08:05:24,1.019945,1,1.01987,1.02002
2022-08-15 08:05:25,1.019925,1,1.01985,1.02
2022-08-15 08:05:26,1.019925,0,1.01985,1.02
2022-08-15 08:05:27,1.019915,2,1.01984,1.01999
2022-08-15 08:05:28,1.019925,0,1.01985,1.02
2022-08-15 08:05:29,1.019915,0,1.01984,1.01999
2022-08-15 08:05:30,1.019905,5,1.01983,1.01998
2022-08-15 08:05:31,1.019905,1,1.01983,1.01998
2022-08-15 08:05:32,1.019905,6,1.01983,1.01998
2022-08-15 08:05:33,1.019875,5,1.0198,1.01995
2022-08-15 08:05:34,1.019885,0,1.01981,1.01996
2022-08-15 08:05:35,1.019905,4,1.01983,1.01998
2022-08-15 08:05:36,1.019915,0,1.01984,1.01999
2022-08-15 08:05:37,1.019905,4,1.01983,1.01998
2022-08-15 08:05:38,1.019895,1,1.01982,1.01997
2022-08-15 08:05:39,1.019875,1,1.0198,1.01995
2022-08-15 08:05:40,1.019885,5,1.01981,1.01996
2022-08-15 08:05:41,1.019885,2,1.01981,1.01996
2022-08-15 08:05:42,1.019905,0,1.01983,1.01998
2022-08-15 08:05:43,1.019895,1,1.01982,1.01997
2022-08-15 08:05:44,1.019935,0,1.01986,1.02001
2022-08-15 08:05:45,1.019935,3,1.01986,1.02001
2022-08-15 08:05:46,1.019935,1,1.01986,1.02001
2022-08-15 08:05:47,1.019945,2,1.01987,1.02002
2022-08-15 08:05:48,1.019935,0,1.01986,1.02001
2022-08-15 08:05:49,1.019975,7,1.0199,1.02005
2022-08-15 08:05:50,1.019955,5,1.01988,1.02003
2022-08-15 08:05:51,1.019955,2,1.01988,1.02003
2022-08-15 08:05:52,1.019955,5,1.01988,1.02003
2022-08-15 08:05:53,1.019975,0,1.0199,1.02005
2022-08-15 08:05:54,1.019975,0,1.0199,1.02005
2022-08-15 08:05:55,1.019985,1,1.01991,1.02006
2022-08-15 08:05:56,1.01997,3,1.0199,1.02004
2022-08-15 08:05:57,1.019975,6,1.0199,1.02005
2022-08-15 08:05:58,1.019985,1,1.01991,1.02006
2022-08-15 08:05:59,1.019985,1,1.01991,1.02006
2022-08-15 08:06:00,1.019985,0,1.01991,1.02006
2022-08-15 08:06:01,1.019995,4,1.01992,1.02007
2022-08-15 08:06:02,1.020005,1,1.01993,1.02008
2022-08-15 08:06:03,1.020015,1,1.01994,1.02009
2022-08-15 08:06:04,1.020015,0,1.01994,1.02009
2022-08-15 08:06:05,1.019965,0,1.01989,1.02004
2022-08-15 08:06:06,1.019955,0,1.01988,1.02003
2022-08-15 08:06:07,1.019955,0,1.01988,1.02003
2022-08-15 08:06:08,1.019945,0,1.01987,1.02002
2022-08-15 08:06:09,1.019935,4,1.01986,1.02001
2022-08-15 08:06:10,1.01996,2,1.01989,1.02003
2022-08-15 08:06:11,1.019955,0,1.01988,1.02003
2022-08-15 08:06:12,1.019945,2,1.01987,1.02002
2022-08-15 08:06:13,1.019935,1,1.01986,1.02001
2022-08-15 08:06:14,1.019935,0,1.01986,1.02001
2022-08-15 08:06:15,1.019955,4,1.01988,1.02003
2022-08-15 08:06:16,1.019935,0,1.01986,1.02001
2022-08-15 08:06:17,1.019965,5,1.01989,1.02004
2022-08-15 08:06:18,1.019965,0,1.01989,1.02004
2022-08-15 08:06:19,1.019965,0,1.01989,1.02004
2022-08-15 08:06:20,1.019955,1,1.01988,1.02003
2022-08-15 08:06:21,1.019955,0,1.01988,1.02003
2022-08-15 08:06:22,1.019945,2,1.01987,1.02002
2022-08-15 08:06:23,1.019925,2,1.01985,1.02
2022-08-15 08:06:24,1.019945,0,1.01987,1.02002
2022-08-15 08:06:25,1.019945,4,1.01987,1.02002
2022-08-15 08:06:26,1.019955,0,1.01988,1.02003
2022-08-15 08:06:27,1.019925,2,1.01985,1.02
2022-08-15 08:06:28,1.019915,0,1.01984,1.01999
2022-08-15 08:06:29,1.019925,3,1.01985,1.02
2022-08-15 08:06:30,1.019945,3,1.01987,1.02002
2022-08-15 08:06:31,1.019945,0,1.01987,1.02002
2022-08-15 08:06:32,1.019935,0,1.01986,1.02001
2022-08-15 08:06:33,1.019905,1,1.01983,1.01998
2022-08-15 08:06:34,1.019925,0,1.01985,1.02
2022-08-15 08:06:35,1.019925,0,1.01985,1.02
2022-08-15 08:06:36,1.019935,5,1.01986,1.02001
2022-08-15 08:06:37,1.019915,1,1.01984,1.01999
2022-08-15 08:06:38,1.019925,1,1.01985,1.02
2022-08-15 08:06:39,1.019865,0,1.01979,1.01994
2022-08-15 08:06:40,1.019905,0,1.01983,1.01998
2022-08-15 08:06:41,1.019885,1,1.01981,1.01996
2022-08-15 08:06:42,1.019895,0,1.01982,1.01997
2022-08-15 08:06:43,1.019885,1,1.01981,1.01996
2022-08-15 08:06:44,1.019895,0,1.01982,1.01997
2022-08-15 08:06:45,1.019885,2,1.01981,1.01996
2022-08-15 08:06:46,1.019915,2,1.01984,1.01999
2022-08-15 08:06:47,1.019915,0,1.01984,1.01999
2022-08-15 08:06:48,1.019915,0,1.01984,1.01999
2022-08-15 08:06:49,1.019935,0,1.01986,1.02001
2022-08-15 08:06:50,1.019945,1,1.01987,1.02002
2022-08-15 08:06:51,1.019945,1,1.01987,1.02002
2022-08-15 08:06:52,1.019945,0,1.01987,1.02002
2022-08-15 08:06:53,1.019955,1,1.01988,1.02003
2022-08-15 08:06:54,1.019965,0,1.01989,1.02004
2022-08-15 08:06:55,1.019925,0,1.01985,1.02
2022-08-15 08:06:56,1.019925,2,1.01985,1.02
2022-08-15 08:06:57,1.01998,0,1.01991,1.02005
2022-08-15 08:06:58,1.019925,0,1.01985,1.02
2022-08-15 08:06:59,1.019925,1,1.01985,1.02
2022-08-15 08:07:00,1.019935,0,1.01986,1.02001
2022-08-15 08:07:01,1.019945,1,1.01987,1.02002
2022-08-15 08:07:02,1.019945,0,1.01987,1.02002
2022-08-15 08:07:03,1.019955,4,1.01988,1.02003
2022-08-15 08:07:04,1.019965,3,1.01989,1.02004
2022-08-15 08:07:05,1.019975,2,1.0199,1.02005
2022-08-15 08:07:06,1.019975,0,1.0199,1.02005
2022-08-15 08:07:07,1.019985,1,1.01991,1.02006
2022-08-15 08:07:08,1.019995,0,1.01992,1.02007
2022-08-15 08:07:09,1.019995,0,1.01992,1.02007
2022-08-15 08:07:10,1.019995,0,1.01992,1.02007
2022-08-15 08:07:11,1.020025,0,1.01995,1.0201
2022-08-15 08:07:12,1.020015,1,1.01994,1.02009
2022-08-15 08:07:13,1.020015,3,1.01994,1.02009
2022-08-15 08:07:14,1.020005,4,1.01993,1.02008
2022-08-15 08:07:15,1.020005,0,1.01993,1.02008
2022-08-15 08:07:16,1.020005,0,1.01993,1.02008
2022-08-15 08:07:17,1.020035,2,1.01996,1.02011
2022-08-15 08:07:18,1.020035,0,1.01996,1.02011
2022-08-15 08:07:19,1.020025,1,1.01995,1.0201
2022-08-15 08:07:20,1.020025,0,1.01995,1.0201
2022-08-15 08:07:21,1.020025,0,1.01995,1.0201
2022-08-15 08:07:22,1.02003,9,1.01996,1.0201
2022-08-15 08:07:23,1.019985,0,1.01991,1.02006
2022-08-15 08:07:24,1.019995,0,1.01992,1.02007
2022-08-15 08:07:25,1.020005,1,1.01993,1.02008
2022-08-15 08:07:26,1.020005,0,1.01993,1.02008
2022-08-15 08:07:27,1.020005,5,1.01993,1.02008
2022-08-15 08:07:28,1.020025,0,1.01995,1.0201
2022-08-15 08:07:29,1.020025,0,1.01995,1.0201
2022-08-15 08:07:30,1.020025,0,1.01995,1.0201
2022-08-15 08:07:31,1.019995,0,1.01992,1.02007
2022-08-15 08:07:32,1.019995,5,1.01992,1.02007
2022-08-15 08:07:33,1.020005,0,1.01993,1.02008
2022-08-15 08:07:34,1.020005,3,1.01993,1.02008
2022-08-15 08:07:35,1.019995,0,1.01992,1.02007
2022-08-15 08:07:36,1.019965,0,1.01989,1.02004
2022-08-15 08:07:37,1.019975,2,1.0199,1.02005
2022-08-15 08:07:38,1.019975,1,1.0199,1.02005
2022-08-15 08:07:39,1.019975,0,1.0199,1.02005
2022-08-15 08:07:40,1.019985,1,1.01991,1.02006
2022-08-15 08:07:41,1.020015,2,1.01994,1.02009
2022-08-15 08:07:42,1.020005,0,1.01993,1.02008
2022-08-15 08:07:43,1.020005,2,1.01993,1.02008
2022-08-15 08:07:44,1.020025,0,1.01995,1.0201
2022-08-15 08:07:45,1.020085,5,1.02001,1.02016
2022-08-15 08:07:46,1.020075,1,1.02,1.02015
2022-08-15 08:07:47,1.020065,0,1.01999,1.02014
2022-08-15 08:07:48,1.020075,1,1.02,1.02015
2022-08-15 08:07:49,1.020075,0,1.02,1.02015
2022-08-15 08:07:50,1.020085,1,1.02001,1.02016
2022-08-15 08:07:51,1.020085,2,1.02001,1.02016
2022-08-15 08:07:52,1.020085,0,1.02001,1.02016
2022-08-15 08:07:53,1.020085,0,1.02001,1.02016
2022-08-15 08:07:54,1.020095,0,1.02002,1.02017
2022-08-15 08:07:55,1.020095,0,1.02002,1.02017
2022-08-15 08:07:56,1.020085,0,1.02001,1.02016
2022-08-15 08:07:57,1.020085,1,1.02001,1.02016
2022-08-15 08:07:58,1.020075,1,1.02,1.02015
2022-08-15 08:07:59,1.020075,0,1.02,1.02015
2022-08-15 08:08:00,1.020065,1,1.01999,1.02014
2022-08-15 08:08:01,1.020075,4,1.02,1.02015
2022-08-15 08:08:02,1.020075,1,1.02,1.02015
2022-08-15 08:08:03,1.020055,2,1.01998,1.02013
2022-08-15 08:08:04,1.020055,1,1.01998,1.02013
2022-08-15 08:08:05,1.020065,2,1.01999,1.02014
2022-08-15 08:08:06,1.020065,1,1.01999,1.02014
2022-08-15 08:08:07,1.020055,0,1.01998,1.02013
2022-08-15 08:08:08,1.020055,1,1.01998,1.02013
2022-08-15 08:08:09,1.020075,0,1.02,1.02015
2022-08-15 08:08:10,1.020085,2,1.02001,1.02016
2022-08-15 08:08:11,1.020065,1,1.01999,1.02014
2022-08-15 08:08:12,1.020065,0,1.01999,1.02014
2022-08-15 08:08:13,1.020005,8,1.01993,1.02008
2022-08-15 08:08:14,1.020015,0,1.01994,1.02009
2022-08-15 08:08:15,1.020055,5,1.01998,1.02013
2022-08-15 08:08:16,1.020065,0,1.01999,1.02014
2022-08-15 08:08:17,1.020085,0,1.02001,1.02016
2022-08-15 08:08:18,1.020065,0,1.01999,1.02014
2022-08-15 08:08:19,1.020145,5,1.02007,1.02022
2022-08-15 08:08:20,1.020115,0,1.02004,1.02019
2022-08-15 08:08:21,1.020125,4,1.02005,1.0202
2022-08-15 08:08:22,1.020155,2,1.02008,1.02023
2022-08-15 08:08:23,1.020195,0,1.02012,1.02027
2022-08-15 08:08:24,1.020195,7,1.02012,1.02027
2022-08-15 08:08:25,1.020225,0,1.02015,1.0203
2022-08-15 08:08:26,1.020255,0,1.02018,1.02033
2022-08-15 08:08:27,1.020235,1,1.02016,1.02031
2022-08-15 08:08:28,1.020195,0,1.02012,1.02027
2022-08-15 08:08:29,1.020195,0,1.02012,1.02027
2022-08-15 08:08:30,1.020205,1,1.02013,1.02028
2022-08-15 08:08:31,1.020215,1,1.02014,1.02029
2022-08-15 08:08:32,1.020215,0,1.02014,1.02029
2022-08-15 08:08:33,1.020155,7,1.02008,1.02023
2022-08-15 08:08:34,1.020155,0,1.02008,1.02023
2022-08-15 08:08:35,1.020175,9,1.0201,1.02025
2022-08-15 08:08:36,1.02017,0,1.0201,1.02024
2022-08-15 08:08:37,1.020095,5,1.02002,1.02017
2022-08-15 08:08:38,1.02011,0,1.02004,1.02018
2022-08-15 08:08:39,1.020125,1,1.02005,1.0202
2022-08-15 08:08:40,1.020205,7,1.02013,1.02028
2022-08-15 08:08:41,1.020245,0,1.02017,1.02032
2022-08-15 08:08:42,1.020235,1,1.02016,1.02031
2022-08-15 08:08:43,1.020235,0,1.02016,1.02031
2022-08-15 08:08:44,1.020235,6,1.02016,1.02031
2022-08-15 08:08:45,1.020225,2,1.02015,1.0203
2022-08-15 08:08:46,1.020225,2,1.02015,1.0203
2022-08-15 08:08:47,1.020235,6,1.02016,1.02031
2022-08-15 08:08:48,1.020205,0,1.02013,1.02028
2022-08-15 08:08:49,1.020235,0,1.02016,1.02031
2022-08-15 08:08:50,1.020235,2,1.02016,1.02031
2022-08-15 08:08:51,1.020295,0,1.02022,1.02037
2022-08-15 08:08:52,1.020315,0,1.02024,1.02039
2022-08-15 08:08:53,1.020295,4,1.02022,1.02037
2022-08-15 08:08:54,1.020265,10,1.02019,1.02034
2022-08-15 08:08:55,1.020265,0,1.02019,1.02034
2022-08-15 08:08:56,1.020255,1,1.02018,1.02033
2022-08-15 08:08:57,1.020295,0,1.02022,1.02037
2022-08-15 08:08:58,1.020285,2,1.02021,1.02036
2022-08-15 08:08:59,1.020205,0,1.02013,1.02028
2022-08-15 08:09:00,1.020195,4,1.02012,1.02027
2022-08-15 08:09:01,1.020185,0,1.02011,1.02026
2022-08-15 08:09:02,1.020215,0,1.02014,1.02029
2022-08-15 08:09:03,1.020235,3,1.02016,1.02031
2022-08-15 08:09:04,1.020205,1,1.02013,1.02028
2022-08-15 08:09:05,1.020185,3,1.02011,1.02026
2022-08-15 08:09:06,1.020185,1,1.02011,1.02026
2022-08-15 08:09:07,1.020155,0,1.02008,1.02023
2022-08-15 08:09:08,1.020235,5,1.02016,1.02031
2022-08-15 08:09:09,1.020235,0,1.02016,1.02031
2022-08-15 08:09:10,1.02029,0,1.02022,1.02036
2022-08-15 08:09:11,1.020265,2,1.02019,1.02034
2022-08-15 08:09:12,1.020265,0,1.02019,1.02034
2022-08-15 08:09:13,1.020305,0,1.02023,1.02038
2022-08-15 08:09:14,1.020295,10,1.02022,1.02037
2022-08-15 08:09:15,1.020265,0,1.02019,1.02034
2022-08-15 08:09:16,1.020275,0,1.0202,1.02035
2022-08-15 08:09:17,1.020285,1,1.02021,1.02036
2022-08-15 08:09:18,1.020285,0,1.02021,1.02036
2022-08-15 08:09:19,1.020275,3,1.0202,1.02035
2022-08-15 08:09:20,1.020295,0,1.02022,1.02037
2022-08-15 08:09:21,1.020275,0,1.0202,1.02035
2022-08-15 08:09:22,1.020285,4,1.02021,1.02036
2022-08-15 08:09:23,1.020285,0,1.02021,1.02036
2022-08-15 08:09:24,1.020265,2,1.02019,1.02034
2022-08-15 08:09:25,1.020265,2,1.02019,1.02034
2022-08-15 08:09:26,1.020275,0,1.0202,1.02035
2022-08-15 08:09:27,1.020285,4,1.02021,1.02036
2022-08-15 08:09:28,1.020285,0,1.02021,1.02036
2022-08-15 08:09:29,1.020285,1,1.02021,1.02036
2022-08-15 08:09:30,1.020295,3,1.02022,1.02037
2022-08-15 08:09:31,1.020275,1,1.0202,1.02035
2022-08-15 08:09:32,1.020285,5,1.02021,1.02036
2022-08-15 08:09:33,1.020305,0,1.02023,1.02038
2022-08-15 08:09:34,1.020275,0,1.0202,1.02035
2022-08-15 08:09:35,1.020275,1,1.0202,1.02035
2022-08-15 08:09:36,1.020295,0,1.02022,1.02037
2022-08-15 08:09:37,1.02029,5,1.02022,1.02036
2022-08-15 08:09:38,1.02029,0,1.02022,1.02036
2022-08-15 08:09:39,1.020285,0,1.02021,1.02036
2022-08-15 08:09:40,1.020265,1,1.02019,1.02034
2022-08-15 08:09:41,1.020285,2,1.02021,1.02036
2022-08-15 08:09:42,1.020285,0,1.02021,1.02036
2022-08-15 08:09:43,1.020285,0,1.02021,1.02036
